2904 4802
509 178 652 244 CAPUT
681 179 822 246 XXXII.
1219 189 1282 254 ²¹33

42 339 195 434 prudens
217 347 365 426 auditor,
387 347 445 412 sed
466 351 566 412 etiam
586 367 630 432 po
654 350 730 413 ulus
751 349 907 437 intelligit
926 370 965 414 ac
982 353 1093 415 statim
1113 357 1161 416 ita
1182 355 1279 421 lande

40 435 287 518 prosequitur,
329 442 369 496 ut
395 433 543 518 legitimo
572 369 758 508 studuisse,
793 443 834 496 ut
854 453 917 518 per
937 453 1050 498 omnes
1071 439 1279 520 eloquentiae

40 535 205 581 numeros
227 520 311 596 isse,
348 523 387 579 ut
408 515 551 599 denique
572 526 741 579 oratorem
762 519 863 580 etiam
884 521 1046 582 fateatur:
1084 541 1184 604 quem
1209 541 1276 586 non

38 620 137 684 posse
159 601 264 663 aliter
285 603 446 662 exsistere
466 619 528 662 nec
548 602 714 663 exstitisse
734 621 883 684 unquam
904 601 1076 682 confirmo,
1098 607 1164 668 nisi
1188 626 1276 688 eum,

38 686 119 766 qui,
143 692 309 766 tanquam
330 685 365 746 in
387 685 492 746 aciem
514 685 666 746 omnibus
688 686 791 746 armis
812 686 1016 765 instructus,
1038 689 1143 750 sicin
1165 693 1277 758 forum

37 767 197 832 omnibns
220 768 351 830 artibus
372 775 520 830 armatus
542 769 670 830 exierit.
715 765 813 846 Quod
842 766 924 830 adeo
954 769 1136 856 negligitur
1155 773 1197 836 ab
1218 774 1278 836 ho-

37 871 112 914 rum
136 858 337 933 temporum
358 849 513 928 disertis,
551 859 590 912 ut
620 852 655 910 iu
686 851 873 914 actionibus
901 869 1019 914 eorum
1049 855 1124 916 faex
1145 875 1278 940 quoque

37 931 235 1016 quotidiani
263 935 443 1012 sermonis,
478 931 574 996 foeda
604 953 643 994 ac
674 932 829 1016 pudenda
855 935 939 997 vitia
967 933 1276 1020 deprehendantur3

37 1027 74 1078 ut
94 1019 264 1102 ignorent
283 1019 392 1102 leges,
430 1037 497 1078 nou
524 1025 659 1078 teneant
685 1027 819 1080 senatus
846 1019 1012 1098 consulta,
1050 1022 1104 1082 ius
1133 1025 1278 1086 civitatis

36 1103 126 1162 ultro
151 1099 352 1177 derideant,
394 1101 576 1184 sapientiae
604 1119 686 1164 vero
709 1099 857 1162 studium
879 1109 912 1163 et
932 1112 1110 1187 praecepta
1131 1105 1279 1188 pruden-

37 1185 121 1246 tium
154 1187 297 1267 penitus
325 1183 562 1264 reformident,
594 1184 631 1244 in
667 1185 884 1267 paucissimos
910 1205 1026 1254 sensus
1059 1196 1092 1249 et
1122 1199 1279 1276 angustas

36 1269 227 1330 sententias
261 1265 442 1332 detrudant
471 1267 713 1352 eloquentiam,
749 1267 842 1330 velut
868 1269 1037 1414 expulsam
1063 1291 1166 1356 regno
1196 1293 1278 1350 su03

36 1361 91 1425 ut,
130 1371 227 1433 quae
260 1353 340 1413 olim
366 1351 515 1412 omnium
543 1353 669 1412 artium
697 1349 831 1412 domina
859 1371 906 1434 pu
919 1351 1087 1416 cherrima
1119 1358 1279 1420 comitatu

36 1444 179 1518 pectora
202 1436 380 1518 implebat,
409 1453 499 1498 nunc
520 1435 719 1496 circumcisa
739 1441 772 1496 et
791 1442 981 1516 amputata,
1008 1437 1081 1500 sine
1102 1447 1277 1522 apparatu,

35 1521 104 1580 sine
129 1519 286 1598 honore,
308 1537 412 1602 paene
433 1515 576 1580 dixerim
597 1519 670 1579 sine
688 1519 701 1577 i
765 1519 910 1598 nuitate,
941 1522 1036 1600 quasi
1056 1541 1124 1583 una
1146 1542 1186 1584 ex
1207 1541 1279 1586 sor-

36 1600 230 1664 didissimis
252 1602 404 1664 artificiis
427 1597 584 1662 discatur.
628 1601 674 1662 Er
761 1620 822 1662 ano
843 1602 987 1684 primam
1008 1611 1041 1664 et
1061 1607 1279 1689 praecipuam

35 1703 176 1746 causam
202 1683 369 1764 arbitror,
407 1703 470 1747 cnr
500 1692 631 1747 tantum
661 1704 680 1745 a
724 1685 912 1767 eloquentia
932 1688 1147 1768 antiquorum
1168 1697 1280 1752 orato·

35 1789 115 1829 rum
139 1769 395 1830 recesserimus.
440 1765 479 1829 Si
500 1775 600 1830 testes
623 1763 874 1848 desiderantur,
897 1787 980 1851 quos
1002 1772 1150 1852 potiores
1173 1774 1280 1836 nomi-

35 1851 146 1925 nabo,
170 1871 276 1934 quam
297 1848 386 1933 apnd
407 1849 552 1914 Graecos
573 1849 850 1916 Demosthenem?
868 1861 977 1934 'quem
999 1851 1281 1919 studiosissimum

33 1935 192 1998 Platonis
222 1931 410 1998 auditorem
435 1937 540 1998 finisse
569 1935 749 1998 memoriae
779 1933 951 2018 proditum
979 1945 1038 1998 est
1090 1937 1133 2001 Et
1162 1937 1281 2002 Cicero

34 2020 109 2098 his,
136 2027 180 2081 ut
202 2019 341 2101 opinor,
371 2018 506 2082 verbim
536 2018 693 2098 quicquid
714 2019 751 2078 in
772 2020 956 2098 eloquentia
978 2017 1147 2103 effecerit,
1191 2024 1226 2084 id
1247 2042 1282 2084 re

34 2123 102 2162 non
129 2103 327 2178 rimorum,
366 2103 423 2162 red
449 2102 648 2164 Academiae
673 2102 789 2180 spatiis
820 2115 1036 2166 consecutum.
1080 2102 1169 2168 Sunt
1197 2107 1282 2168 aliae
1374 2105 1384 2126 ¹

35 2205 177 2266 musae,
201 2203 339 2272 magnae
360 2192 539 2269 etgraves,
562 2205 643 2268 quas
659 2203 679 2245 a
694 2185 791 2248 vohis
805 2187 933 2268 aperiri
950 2205 1093 2270 aequum
1116 2199 1176 2264 est,
1200 2207 1283 2273 qno-

34 2272 130 2330 niam
154 2267 294 2352 quidem
315 2287 375 2352 ego
396 2271 464 2330 iam
483 2287 595 2331 meum
615 2287 737 2330 munus
767 2270 897 2351 explevi
924 2277 973 2342 et,
1013 2269 1102 2354 quod
1131 2271 1216 2334 mihi
1245 2275 1281 2334 iu

34 2349 289 2415 consuetudine
310 2359 377 2431 est,
399 2354 479 2414 satis
500 2352 621 2413 multos
643 2349 779 2433 offendi,
802 2371 904 2436 quos,
924 2353 954 2415 si
974 2357 1062 2424 forte
1084 2355 1147 2418 hcc
1168 2352 1284 2418 audie-

34 2441 128 2514 rint,
172 2445 304 2498 certum
336 2435 441 2498 habeo
468 2431 637 2508 dicturos,
673 2456 745 2516 me,
781 2433 861 2499 dum
888 2437 976 2498 iuris
998 2444 1031 2500 et
1051 2437 1283 2524 philosophiae

33 2521 223 2582 scientiam
256 2527 413 2602 tanquam
446 2519 576 2582 oratori
613 2520 834 2582 necessariam
868 2517 983 2592 laudo,
1029 2523 1167 2605 ineptiis
1199 2522 1283 2584 meis

35 2607 218 2688 plausisse.
1071 2679 1075 2690 ,

112 2725 142 2776 1.
182 2713 329 2786 sufficere,
357 2727 389 2774 ut
407 2719 446 2774 ad
462 2727 568 2792 tempus
587 2721 628 2786 (v.
648 2719 685 2774 ad
702 2719 777 2774 Ann.
797 2724 833 2787 1,
854 2725 891 2788 1,
909 2721 951 2786 ².)
970 2723 1089 2791 simplex
1105 2721 1239 2793 quiddam
1257 2729 1286 2774 et
1324 2717 1326 2722 ’

6 2817 7 2820 ’
35 2793 187 2862 misorme
205 2793 368 2859 docemur,
401 2801 435 2846 ut
461 2811 518 2846 una
536 2800 651 2846 unnim
670 2799 750 2861 arte,
785 2791 948 2859 rhetorice,
981 2793 1170 2848 instituamur
1187 2809 1284 2864 neque

34 2867 180 2938 plurium
202 2863 427 2936 disciplinarum
446 2866 587 2920 varietate
606 2863 829 2936 studiorumque
845 2865 965 2941 ambage
980 2867 1153 2932 obruamur;
1176 2866 1284 2920 schulz.

34 2941 93 3005 Ut,
132 2937 158 2991 si
186 2953 272 2990 cansa
291 2945 464 3008 tempusque
483 2937 636 3005 inciderit,
671 2938 704 2990 in
731 2937 835 3006 quibua
861 2954 934 3009 opus
960 2939 999 2992 sit
1016 2939 1118 3010 aliqua
1135 2938 1286 3010 particula

35 3013 128 3076 artis,
157 3027 224 3064 eam
244 3017 306 3062 tum
320 3017 438 3134 partem
458 3027 635 3086 cognoscere
654 3009 820 3064 studeamus
840 3018 870 3064 et
889 3029 905 3065 e
924 3011 1011 3064 libris
1030 3011 1134 3066 veleb
1154 3011 1209 3078 iis,
1230 3010 1285 3081 qni

35 3092 138 3138 artem
162 3079 241 3134 hanc
264 3099 319 3152 pro
342 3091 458 3150 tentur,
485 3091 635 3154 petamus5
661 3083 730 3137 Em.
765 3079 892 3152 sufficere
917 3084 961 3138 ed.
992 3084 1068 3138 Pith.
1093 3083 1173 3137 Brot.
1203 3075 1284 3138 Seeb.
1366 3117 1367 3120 =

36 3157 88 3210 Dr.
113 3155 162 3208 Os.
185 3154 234 3206 Or.
255 3171 314 3207 non
333 3155 457 3226 improb.
479 3155 569 3210 Grcn.
608 3151 752 3222 sufficeret
776 3155 821 3210 ed.
841 3173 887 3226 pr.
925 3153 1035 3225 sufficit
1060 3155 1104 3212 ed.
1132 3157 1195 3210 Put.
1220 3155 1284 3210 aiv.

35 3229 103 3282 Ber.
128 3226 225 3280 Rhen.
246 3233 274 3280 et
293 3227 348 3282 rel.
387 3227 499 3298 quidum
525 3243 580 3298 pro
622 3227 735 3280 uiddam
763 3227 806 3282 ed.
835 3229 898 3282 Put.
924 3239 953 3282 et
972 3228 1035 3282 niv.
1075 3227 1213 3298 wrisorme
1239 3227 1284 3282 ed.

35 3320 81 3372 pr.
104 3299 194 3370 Lips.
215 3307 245 3352 et
263 3317 321 3353 rec.
360 3299 482 3370 informe
508 3301 569 3354 Puc
596 3247 662 3354 der.
691 3299 783 3354 Rhen.
811 3307 885 3367 tres,
918 3301 985 3356 Ald.
1013 3299 1092 3356 Pith.
1138 3301 1287 3354 doceamur

38 3373 106 3428 edd.
137 3371 218 3442 Lips.
246 3379 275 3426 et
302 3389 361 3426 rec.
388 3381 422 3425 ut
448 3391 472 3427 c.
493 3371 579 3426 Farn.
610 3391 636 3426 v.
660 3371 696 3426 ad
717 3391 742 3426 c.
763 3377 788 3426 1.
809 3390 837 3425 n.
857 3377 883 3429 3.
921 3373 1064 3428 docemus
1085 3373 1148 3427 edd.
1170 3379 1229 3426 vet.
1249 3401 1287 3414 -

38 3446 176 3498 Primam
196 3447 271 3497 enim
290 3443 381 3498 Rheu.
402 3447 429 3501 2.
449 3451 475 3502 3.
503 3453 532 3498 et
550 3461 609 3498 rec.
648 3444 675 3496 P.
696 3453 788 3498 autem
808 3444 851 3499 ed.
873 3461 919 3514 pr.
939 3447 1001 3499 Put.
1023 3445 1085 3498 Riv.
1106 3445 1171 3499 Ber.
1192 3441 1284 3498 llheu.

38 3525 62 3572 1.
105 3519 212 3571 Autem
231 3515 379 3570 interdum
398 3519 469 3588 poni
487 3533 543 3587 pro
563 3521 651 3579 enim,
689 3517 821 3571 observat
847 3515 953 3572 Scheff.
983 3517 1020 3571 ad
1041 3519 1158 3572 Patron.
1178 3517 1285 3592 fragm.

38 3609 66 3662 p.
89 3595 159 3647 219.
191 3589 326 3658 idemque
353 3597 477 3644 testatur
495 3589 621 3643 Brisson.
643 3589 679 3644 de
699 3589 794 3656 lctis,
813 3593 866 3643 Dr.
906 3590 949 3645 cf.
975 3591 1084 3644 Handii
1112 3588 1239 3643 Tursell.
1262 3587 1285 3642 1.

38 3683 67 3734 p.
90 3666 176 3728 57a3
205 3662 251 3714 Or.
271 3691 308 3702 -
334 3663 478 3734 possideat
496 3667 571 3734 quir,
600 3669 677 3716 totus
696 3659 809 3716 habitet
828 3661 860 3714 in
878 3661 934 3730 iis,
961 3671 1097 3718 accurate
1117 3680 1150 3718 ea
1168 3668 1286 3728 teneat,

42 3737 153 3788 &tuta
195 3733 423 3789 perstarent
446 3735 573 3799 dicitur,
605 3735 657 3805 qui
677 3733 819 3788 dictiones
839 3741 869 3788 et
887 3735 1044 3790 sententias
1070 3735 1126 3791 sihi
1152 3733 1286 3788 iamilia·

40 3827 107 3872 res,
137 3807 276 3878 proprias
297 3815 326 3861 et
344 3825 405 3861 suas
423 3809 497 3862 fecit
517 3823 620 3876 easque
637 3805 761 3878 promet,
790 3825 825 3860 ex
843 3807 939 3862 animo
957 3827 1008 3864 suo
1027 3809 1155 3878 promit,
1190 3808 1220 3862 ἐκ
1237 3807 1286 3862 toi

41 3881 198 3955 θησαυροῦ
224 3881 271 3945 τῆς
296 3881 411 3954 καρδίας
434 3878 562 3952 ἐκβάλλει
588 3877 689 3932 Matth
709 3883 763 3947 12,
781 3882 825 3936 ³5.
863 3879 916 3934 Est
941 3881 981 3935 id.
1011 3881 1058 3952 qd.
1088 3887 1130 3936 uti
1150 3881 1287 3951 propriis,

41 3963 75 4006 ut
96 3960 196 4006 contr.
217 3959 262 4004 uti
280 3953 461 4008 commodata
481 3961 510 4007 et
524 3956 664 4006 mutuari.

116 4047 144 4100 2.
183 4041 291 4094 Deinde
316 4045 380 4110 ipra
408 4044 563 4096 muitarum
581 4044 689 4094 artium
707 4047 824 4096 scientia
842 4047 927 4096 etiam
945 4045 1028 4096 aliud
1043 4051 1155 4116 egenter
1173 4058 1224 4096 not
1244 4056 1288 4091 or·

44 4124 116 4176 nat,
134 4123 168 4168 ut
185 4132 233 4186 ap.
255 4113 377 4180 Quintil.
398 4118 431 4180 1,
453 4119 503 4180 1⁰,
522 4118 548 4170 7.
590 4115 691 4168 Oratio
704 4115 832 4183 pluribus
850 4119 958 4170 ortibus
985 4125 1064 4188 egete
1096 4135 1166 4187 quae
1193 4117 1287 4172 etiam,

43 4207 129 4262 qum
145 4208 175 4242 ae
193 4206 253 4240 non
272 4185 420 4242 utendum
437 4192 469 4241 in
487 4186 601 4239 dinemo
620 4203 668 4241 nec
683 4185 846 4312 proferunt,
885 4193 941 4241 vim
959 4197 1053 4243 tamen
1072 4189 1206 4242 necabam
1224 4201 1289 4256 sug-

44 4269 148 4334 gerunt
169 4268 198 4312 et
217 4263 305 4312 tacite
324 4277 428 4330 qnoque
445 4262 624 4323 sentimum
654 4259 689 4313 Sc
708 4261 759 4312 ula.
798 4259 917 4313 Utinam
946 4261 977 4313 id
1006 4262 1063 4315 sibi
1090 4259 1287 4324 inculcarent,

46 4333 150 4405 quihus
168 4331 267 4386 adhuc
286 4339 400 4402 tempus
421 4338 450 4386 et
468 4331 583 4386 occasio
603 4338 660 4398 est,
694 4331 848 4406 ingenium
872 4349 956 4386 snum
983 4334 1066 4388 vario
1094 4329 1182 4386 modo
1203 4344 1290 4384 exco-

99 4437 168 4506 opp.
191 4435 255 4489 rac.
278 4433 365 4502 nur.
922 4407 972 4482 28
