2770 4792
174 197 237 260 208
598 193 848 260 Aeutcoulu
870 193 982 258 Vl'l'h

175 377 224 415 sus
241 361 330 416 malos
348 360 503 416 iruasndus.
545 363 590 418 23.
612 361 748 428 Quartam
775 367 908 414 aestatem
932 359 1103 420 obtinendis,
1133 375 1202 430 quae
1220 365 1378 430 percurreret

174 438 312 494 insumit,
348 441 377 485 et
405 435 515 487 Clotam
537 435 750 505 Bodotrianque
778 434 928 503 praesidiis
950 433 1059 502 fimat.
1110 433 1154 488 24·
1182 432 1286 499 Quinto
1316 429 1378 500 offici

175 524 251 559 anno
265 505 413 576 perdomat
431 525 490 560 eam
507 507 675 560 Britanniae
689 513 814 576 partem,
841 524 910 578 quae
935 506 1098 559 Hiberniam
1123 508 1244 574 aspicit,·
1273 513 1302 558 et
1319 523 1378 558 unun

175 597 206 632 ee
225 581 346 652 regulis,
377 579 512 632 seditione
540 580 690 632 domestica
712 581 871 650 apulsurn,
900 581 989 647 specie
1012 581 1156 632 amicitiae
1178 581 1210 630 in
1237 585 1378 633 occasionen

175 657 283 706 retinet.
326 654 369 706 2&
389 653 434 708 26.
459 652 542 704 Serta
566 660 674 708 aestate
695 661 798 724 portus
826 655 969 706 ciuitatum
996 658 1079 706 tram
1103 649 1265 704 Bodotriam
1283 658 1378 706 citeron

175 727 304 796 explorat
332 726 432 786 classe,
483 732 511 776 et
543 725 704 780 Caledonios
738 729 770 778 in
790 721 898 795 fugam
931 729 1075 777 conuertit.
1131 723 1175 778 27.
1210 723 1250 776 Hi
1281 729 1378 778 iurentu

175 807 231 852 tem
255 805 371 850 armant
395 805 422 849 et
447 798 594 867 sacrificiis
615 801 849 868 conspirationem
876 799 1024 853 civitatum
1047 800 1184 850 sanciunt.
1230 797 1274 852 2&
1305 799 1378 852 Bolon

175 879 296 940 tempore
313 869 409 923 cohors
429 867 607 940 Usipiorum,
629 888 681 942 per
699 871 864 924 Germanias
881 873 1059 940 conscripta,
1087 871 1183 922 occiso
1201 877 1378 924 caeturionee

175 943 419 1018 gubernatoribus,
453 942 636 997 Britanniam
662 941 873 997 circumvehitur
895 941 987 994 tribus
1012 941 1158 996 liburnicis
1182 948 1210 992 et
1235 947 1357 1012 primum

176 1019 284 1076 Samis,
302 1033 365 1068 mox
383 1035 402 1068 a
418 1013 524 1069 Frisiis
542 1019 725 1084 intercipitur.
761 1015 909 1086 Agricolae
921 1015 1004 1084 filius
1021 1013 1087 1067 obit.
1123 1017 1168 1072 29.
1191 1014 1315 1085 Septimo
1332 1037 1378 1070 ann

176 1090 312 1162 Agricola
339 1090 424 1141 classe
446 1094 603 1158 praemissa
629 1089 667 1142 ad
692 1088 857 1160 Grampium
883 1095 1005 1140 neontem
1020 1091 1163 1156 pervenit,
1190 1105 1267 1158 quem
1289 1095 1378 1142 iamir

175 1161 303 1218 sederant
327 1159 484 1223 caledonii,
516 1161 620 1214 uiribus
647 1165 771 1215 omnium
799 1164 949 1214 ciuitatum
974 1163 1058 1212 aucti.
1106 1161 1239 1216 30—32.
1261 1163 1379 1235 Calgocu

176 1241 250 1289 inter
266 1237 361 1304 plures
380 1249 472 1286 eorum
495 1232 573 1288 duces
599 1239 701 1287 uirtute
726 1243 754 1288 et
779 1251 878 1306 genere
899 1240 1063 1304 praestans,
1095 1231 1265 1286 adhortatur
1289 1254 1351 1292 suos
1374 1253 1379 1286 ι

175 1313 219 1364 33.
239 1309 282 1363 34.
308 1306 441 1378 Agricola
458 1305 606 1360 Romanos.
643 1305 687 1362 35.
707 1307 787 1360 Acies
811 1309 949 1376 utrirrsque
974 1303 1149 1376 diriguntur.
1185 1309 1228 1362 3&
1247 1311 1295 1364 37.
1319 1311 1379 1372 Atro

176 1389 204 1434 et
219 1381 356 1450 proelium
375 1385 403 1430 et
420 1381 611 1448 spectaculum.
649 1383 692 1436 38.
714 1379 870 1433 Caledoniis
888 1383 983 1438 uictis,
1008 1380 1144 1450 Agricola
1163 1385 1313 1434 coercitum
1330 1377 1379 1432 dedi

176 1458 217 1506 cit
234 1457 266 1506 in
279 1453 351 1522 fines
367 1452 545 1504 llorestorum
564 1461 591 1504 et
605 1452 748 1523 praesecto
766 1453 863 1505 classis
881 1450 1046 1504 circumuehi
1060 1451 1243 1504 Britanniam
1257 1457 1379 1524 praecipi

247 1529 291 1582 39.
329 1521 468 1578 Nuntium
493 1541 585 1577 rerum
612 1525 646 1577 ob
669 1527 804 1596 Agricola
826 1531 970 1595 gestarum
987 1525 1170 1578 Domitianus
1187 1523 1293 1591 fronte
1312 1531 1379 1579 laetu

175 1607 282 1669 pectore
300 1601 416 1658 ansius,
435 1599 556 1666 excipit,-
590 1599 632 1652 lb.
653 1597 838 1670 triumphalia
857 1605 951 1651 tamen
970 1603 1137 1652 ornamenta
1155 1601 1182 1648 ci
1198 1601 1228 1650 in
1246 1597 1379 1653 senatui

176 1677 253 1726 cerni
279 1671 354 1723 iubet
378 1670 540 1742 Syriamque
563 1675 737 1740 prouinciam
762 1671 892 1724 destinat.
943 1672 1079 1742 Agricola
1105 1669 1292 1724 Britanniam
1320 1671 1379 1724 troi

176 1746 324 1800 successori
340 1761 389 1797 suo
408 1750 436 1794 et
452 1743 571 1795 Bomam
589 1761 710 1799 reversus
729 1750 760 1798 in
780 1749 839 1796 otio
857 1745 934 1796 uiuit.
978 1745 1023 1798 tl.
1043 1742 1197 1796 Periculum
1221 1749 1248 1796 ei
1267 1753 1365 1798 creant

177 1823 347 1871 accusatores
366 1823 394 1868 et
412 1815 576 1868 laudatores.
613 1819 656 1870 42.
684 1819 856 1887 Deprecatur
881 1817 966 1870 Asiae
990 1823 1018 1867 et
1034 1813 1151 1885 Africae
1175 1822 1379 1886 proconsulatu

177 1909 211 1945 ac
229 1889 365 1944 modestia
381 1887 585 1958 prudentiaque
603 1893 677 1941 iram
697 1889 835 1959 Principis
853 1889 930 1942 lenit.
974 1891 1017 1945 43.
1041 1887 1179 1948 Moritur,
1203 1897 1231 1940 et
1248 1895 1379 1945 miserati

177 1981 239 2018 nem
257 1970 343 2032 auget
360 1967 492 2014 constans
511 1978 622 2021 rumor,
654 1980 714 2014 eum
737 1981 836 2017 oeneno
855 1965 1043 2030 interceptum.
1079 1961 1265 2016 Domitianus
1296 1968 1379 2036 specie

176 2037 280 2090 doloris
294 2052 365 2105 prae
384 2051 413 2088 se
423 2031 490 2102 fert
507 2041 535 2085 et
553 2035 676 2086 hamur
694 2039 761 2089 lecto
779 2043 961 2094 testamento,
989 2053 1042 2106 quo
1069 2033 1177 2088 coheres
1203 2041 1291 2090 uxori
1308 2047 1337 2090 et
1348 2037 1379 2106 fil

177 2115 391 2238 iiiiii.
409 2109 579 2249 :litei
591 2109 862 2250 ‘iiiiii’
880 2105 1379 2254 uitulinum&

174 2261 242 2326 post
259 2258 420 2314 commissa,
448 2249 497 2304 sed
517 2252 641 2306 acerbior
665 2261 693 2305 et
710 2260 779 2324 ipsi,
811 2261 839 2306 et
849 2254 930 2324 filiae
947 2271 1099 2326 generoque
1115 2261 1229 2324 propter
1247 2253 1379 2308 horume

177 2331 304 2382 sentiam.
341 2329 385 2383 lu
407 2326 559 2388 solistim
594 2327 669 2400 quod
694 2331 730 2384 iis
753 2327 868 2398 praebet
891 2331 1026 2380 memoria
1048 2335 1076 2380 ct
1091 2324 1177 2398 sama
1191 2333 1328 2398 parentis
1348 2347 1379 2383 su

166 2402 296 2471 'piterna
1379 2413 1380 2416 ’

658 2601 853 2656 CAPUT
895 2604 919 2656 1.

262 2725 437 2792 Clarorum
457 2731 611 2793 virorum
633 2734 720 2792 tacta
739 2749 915 2814 moresque
935 2732 1079 2815 posteris
1093 2727 1241 2810 tradere,
1266 2735 1380 2814 antiqr

176 2819 231 2874 tus
253 2814 432 2890 usitatum,
461 2833 503 2876 ne
529 2815 652 2875 nostris
681 2813 814 2897 quidem
843 2816 1068 2900 temporibus,
1100 2833 1300 2898 quanquam
1324 2818 1380 2876 inc

176 2896 267 2956 sicea
295 2913 453 2974 suorum,
482 2903 570 2958 aetus
597 2899 726 2978 omisit,
753 2899 905 2981 quotiens
934 2919 1053 2986 magna
1082 2897 1194 2980 aliqua
1220 2917 1264 2958 ec
1296 2897 1380 2960 nobi

175 2979 287 3042 virtue
307 2979 391 3039 vicit
410 2995 450 3038 eo
471 2997 686 3065 supergressa
707 2991 758 3044 est
778 2983 916 3062 vitium,
938 2985 1054 3066 parvis
1074 3001 1107 3042 m
1173 2983 1276 3064 isque
1301 2985 1380 3044 cit-*il

174 3061 265 3122 tibus
287 3077 477 3142 commune,
499 3065 722 3148 ignorantiam
743 3067 828 3128 recti
849 3073 883 3128 et
902 3063 1074 3129 iuvidiam.
1142 3062 1183 3126 ed
1203 3063 1306 3146 apud
1329 3067 1380 3150 pri

175 3163 229 3206 ree
251 3151 291 3205 ut
312 3163 411 3228 agere
431 3156 616 3208 memoratu
643 3147 742 3233 digua
772 3167 916 3232 pronum
938 3151 1108 3236 magisque
1127 3150 1163 3210 iu
1183 3161 1315 3230 operto
1339 3171 1380 3212 er

175 3227 223 3288 ita
245 3227 478 3290 celeberrimus
501 3231 641 3314 quisque
661 3233 796 3333 ingenio
824 3229 866 3294 ad
892 3231 1097 3315 prodendum
1123 3234 1270 3296 virtutis
1297 3253 1380 3296 meu

174 3312 275 3384 rium,
299 3312 370 3374 siue
391 3313 498 3398 gratie
519 3321 578 3376 eut
598 3315 788 3396 ambitione,
810 3315 916 3378 bonae
936 3324 1067 3379 unnim
1087 3317 1327 3380 conscientiae
1351 3339 1380 3402 p]

172 3395 221 3456 tio
243 3393 440 3460 ducebatur.
482 3396 531 3458 Ao
552 3398 704 3481 plerique
728 3401 856 3462 suomi
880 3401 1034 3462 sin-itum
1054 3409 1211 3478 narrate,
1247 3399 1380 3462 fiducie

172 3480 285 3562 potius
306 3497 439 3541 morum
459 3499 559 3562 quam
581 3485 807 3570 arrogantiam
829 3419 984 3544 arbitrali
1006 3491 1101 3546 eunt:
1132 3501 1193 3543 uec
1221 3481 1267 3545 id
1292 3483 1380 3548 Ruti

172 3569 206 3624 et
224 3559 352 3624 Scauro
374 3564 460 3624 citra
481 3561 581 3625 fidem
600 3573 659 3626 aut
680 3568 913 3629 obtrectationi
940 3567 1013 3629 tuit.
1056 3565 1148 3628 Adeo
1179 3565 1380 3632 virtutesi

172 3643 246 3708 dem
268 3645 473 3730 temporibus
495 3649 619 3732 optime
640 3653 870 3731 aestimantur,
893 3649 1015 3733 quibus
1036 3651 1191 3712 facillime
1206 3650 1380 3738 gignunt

485 3799 745 3858 uenturus
780 3799 1080 3858 ΑΝΝΟΤΑΤῙΟ.

245 3905 289 3958 Ile
316 3903 415 3958 indole
433 3903 518 3962 huius
536 3910 613 3964 vitoe
632 3919 662 3964 et
679 3910 714 3964 ‹le
733 3911 946 3982 exemplaribus
965 3910 1042 3974 eius,
1073 3917 1133 3962 tum
1151 3909 1309 3981 scriptis,
1344 3937 1380 3988 qu

123 3979 128 3986 '
171 3975 275 4102 gillis..
311 3993 339 4030 v.
366 3977 551 4036 Prooemium
574 3991 705 4036 nostrum
724 3983 760 4037 de
778 3983 874 4038 Taciti
892 3985 953 4036 vitu
972 3989 1001 4037 et
1019 3981 1138 4052 scriptis
1156 3981 1189 4034 in
1206 3982 1292 4038 Vol.
1307 3990 1337 4042 l.
1360 3993 1380 4045 t]

197 4057 274 4104 scih.

244 4127 268 4177 l.
308 4119 377 4190 Gap.
398 4125 423 4176 1.
439 4124 465 4178 2
480 4128 507 4180 3.
534 4127 706 4182 continetur
729 4127 881 4214 egregium
899 4126 987 4181 huius
1006 4125 1104 4180 libelli
1123 4131 1354 4201 prooemium,

172 4193 217 4246 ius
235 4199 442 4280 argumentum
460 4195 618 4252 Wulchius
635 4201 678 4253 its
696 4209 841 4270 exposuit:
859 4200 950 4272 „Cep
968 4206 993 4255 ¹.
1030 4200 1205 4269 Antiquitas,
1227 4207 1380 4279 tempori

172 4265 441 4336 antiquus,·quibus
460 4285 534 4338 nou,
554 4269 668 4338 uthis,
688 4273 843 4328 metuenda
861 4281 924 4328 erut
942 4276 1110 4344 ignorantia
1128 4274 1198 4324 recti
1215 4286 1286 4329 aut
1311 4287 1380 4336 inni

170 4339 294 4408 posteris
312 4337 389 4393 uadi
408 4341 539 4396 solebant
557 4343 706 4398 clerorum
727 4346 857 4401 virorum
869 4347 947 4400 iactu
957 4346 1124 4414 moresque,
1143 4349 1173 4398 ot
1190 4359 1235 4400 ne
1259 4352 1353 4408 vitio
1376 4375 1380 4406 ι
