2770 4792
151 219 214 281 tlt
580 200 830 266 AGRICOLAE
850 203 965 268 VITA

154 399 179 434 e.
200 381 226 434 t.
248 377 311 446 (ubi
330 377 427 428 tamen
445 371 481 425 ex'
500 367 682 440 quorundam
701 369 845 444 sententis
864 377 907 423 est
925 369 1002 423 iuris
1021 371 1159 438 scientia,
1196 381 1228 426 ut
1252 391 1297 446 ap.
1318 374 1363 428 Cic.

153 453 189 507 de
207 467 252 505 or.
272 453 306 514 2,
326 453 351 502 1.
373 453 446 500 extr.
466 442 516 498 ubl
535 459 562 493 v.
582 440 725 507 Wolzel.)
753 441 789 494 Η.
809 445 846 508 ll,
865 443 891 496 5.
921 442 952 495 0.
972 445 1017 500 32.
1042 445 1118 498 Ptin.
1137 461 1204 516 pan.
1222 449 1275 513 17,
1297 453 1320 502 1.
1337 449 1365 500 al.

155 526 199 580 cf.
218 521 342 579 Weiske
361 535 468 573 comm.
495 515 527 567 in
552 520 625 574 crat.
647 513 706 566 Cic.
727 513 760 564 in
778 514 908 568 ltlarcsll.
927 531 956 584 p.
976 520 1020 572 71.
1039 521 1084 574 72.
1104 547 1140 558 -
1171 517 1324 581 temtum,
1345 540 1365 572 v,

154 597 191 651 ad
210 613 235 650 c.
256 601 281 650 1.
302 611 330 646 ιι.
353 597 378 647 1.
399 617 433 632 -·
470 595 624 642 acuerunt
649 603 687 638 se.
718 585 865 658 Principi3
891 588 1010 642 Drnnla
1049 581 1106 644 S'ed
1133 607 1187 644 cur
1206 592 1233 645 ei
1250 595 1366 646 nutum?

154 669 199 723 cf.
220 667 257 721 ad
275 667 309 719 ll.
328 670 363 730 3,
383 668 435 730 2⁰,
454 666 480 718 3.

227 745 253 796 1.
292 747 320 792 et
336 743 410 792 deut
427 743 504 788 aetus
522 739 600 786 auae
617 733 703 793 stelit,
720 732 789 804 quid
805 735 954 795 nmmum,
973 751 1131 801 summum,
1151 740 1181 789 in
1199 737 1324 790 libertate
1338 755 1369 789 u-

155 823 217 876 ret,
235 817 279 866 ita
298 830 349 865 nos
367 808 510 872 vidimus,
530 805 597 878 quid
612 808 644 858 in
661 809 795 858 seruitute
813 805 950 859 ultimum
970 815 1051 862 esset.
1090 807 1133 861 Gi.
1154 809 1189 862 ad
1205 807 1281 862 Anu.
1303 815 1368 876 1,1‚

155 892 182 944 3.
203 893 232 941 et
251 884 315 938 lud.
336 882 391 937 lll.
419 899 447 934 v.
466 879 585 950 Ellipae's
603 878 745 931 cuborum
763 881 795 931 in
811 895 902 947 praee.
922 887 1019 950 etseq.
1039 881 1197 934 latentium.
1235 883 1277 936 Ut
1293 883 1369 936 maio·

156 977 223 1011 rum
243 964 334 1011 aetate
353 961 432 1007 tants
450 953 569 1004 libertas
586 950 661 1016 mit,
681 957 714 1002 ut
731 951 832 1012 modus
852 952 1051 1016 excederetur,
1070 953 1112 1005 sic
1130 971 1209 1008 nunc
1226 962 1307 1007 tanta
1324 973 1369 1008 ser·

156 1031 233 1084 vitus
256 1037 317 1092 est,
350 1035 383 1080 ut
406 1025 499 1078 maior
524 1025 576 1077 vix
600 1023 729 1100 intelligi
753 1024 857 1094 possit3
883 1023 952 1078 Erre.
989 1033 1017 1077 et
1040 1030 1115 1079 siuet
1140 1027 1202 1079 Vat.
1227 1031 1311 1085 3129.
1335 1027 1369 1080 el.

156 1104 236 1174 Lips.
258 1111 363 1156 strecs
402 1105 435 1150 ut
451 1101 524 1151 sieut
542 1095 618 1149 male
638 1093 700 1149 edd.
722 1104 778 1150 vet.
797 1125 834 1138 -
865 1098 991 1169 adempto
1004 1115 1058 1167 per
1075 1102 1282 1170 inquisitiones,
1308 1100 1372 1155 dela·

157 1175 267 1241 tiones,
286 1183 327 1236 et,
352 1171 456 1236 etiam,
486 1169 613 1242 loquendi
630 1168 813 1254 audiendique
830 1175 1009 1230 commercio,
1033 1189 1061 1223 v.
1081 1171 1117 1224 ad
1135 1171 1209 1225 Ann.
1231 1175 1370 1239 1,73,1.

157 1250 318 1310 ο115,66.
357 1247 535 1318 inquisitores
559 1255 714 1312 reposuere
737 1241 802 1313 Bsp.
822 1241 868 1294 En
891 1283 898 1295 .
920 1251 949 1296 et
967 1243 1078 1296 Scbliit.
1099 1260 1136 1297 ne
1153 1244 1303 1299 admonito
1321 1245 1374 1314 qui·

158 1319 223 1374 ‹lem
243 1320 369 1384 lectore;
389 1332 482 1386 neque
494 1321 536 1367 est
553 1312 631 1382 qssod
644 1330 699 1384 pru
718 1323 746 1367 et
763 1261 894 1386 loquenda·
910 1315 1057 1368 scribatur
1074 1319 1216 1390 eloquendi
1231 1319 1283 1372 vel
1299 1322 1373 1370 etiarn

158 1393 293 1464 loquendi.
331 1389 413 1444 Illud
431 1385 566 1441 suadebat
587 1385 742 1453 Heinsius,
768 1387 825 1441 hoc
844 1389 921 1458 lips.
967 1387 1077 1442 Reddas
1103 1389 1201 1444 Germ.
1229 1391 1375 1444 Gedmslea·

158 1464 308 1519 uustuuacb
325 1464 410 1518 aelbst
428 1465 467 1514 im
487 1458 621 1530 Sprecben
639 1460 698 1511 und
713 1461 824 1526 libbeus,-
845 1459 951 1513 Wulcb.

228 1540 253 1593 5.
291 1540 319 1591 ai
335 1545 395 1590 tam
413 1538 444 1588 in
463 1541 561 1586 neura
576 1539 714 1601 potestate
732 1541 800 1586 esset
818 1533 944 1590 obliuisci
963 1551 1046 1605 quam
1070 1541 1174 1588 turen:
1203 1535 1310 1589 tritum
1332 1543 1374 1592 est.

158 1610 235 1682 quod
254 1611 328 1664 Plut.
351 1611 382 1662 in
400 1603 540 1662 Thamiai.
562 1611 590 1657 et
610 1603 670 1657 cic.
691 1603 727 1659 de
746 1622 789 1659 or.
808 1610 835 1662 2.
855 1613 967 1672 narrat3
987 1607 1076 1659 Rarel.

626 1803 820 1856 CAPUT
863 1803 917 1856 111.

242 1934 343 1996 Nunc
364 1931 496 1996 demum
518 1929 609 1994 redit
630 1931 781 2004 animus3
803 1938 837 1990 ot
857 1951 1046 2013 quanquam
1067 1935 1175 2016 primo
1197 1935 1314 1996 statim
1335 1935 1381 1996 be-

158 2019 298 2080 atissimi
319 2017 442 2078 saeculi
463 2024 542 2077 ortu
562 2013 678 2077 Nerva
699 2008 820 2074 Caesar
849 2033 902 2074 res
923 2016 1003 2076 olim
1023 2013 1241 2078 dissociabiles
1265 2021 1371 2078 miscu

159 2103 243 2180 erit,
265 2102 492 2182 principatum
514 2117 553 2159 ac
573 2097 778 2175 libertatem,
805 2106 989 2180 augeatque
1018 2097 1167 2182 quotidie
1195 2100 1383 2162 felicitatem

158 2185 302 2266 imperii.
324 2182 439 2244 Nerva
470 2179 655 2259 Traianus,
687 2197 749 2240 neo
780 2199 872 2262 spem
902 2180 999 2243 modo
1021 2201 1060 2243 ac
1080 2192 1194 2246 votum
1215 2180 1385 2246 Securita

158 2267 308 2351 publice,
332 2263 390 2328 sed
409 2265 514 2348 ipsius
534 2265 606 2328 voti
627 2259 783 2325 fiduciam
805 2281 843 2322 ac
864 2265 970 2326 robur
996 2268 1231 2350 assumpserit:
1267 2276 1377 2329 natur·

158 2359 267 2412 tamen
289 2349 492 2412 infirmitatis
513 2347 676 2410 humanae
697 2341 846 2408 tardiora
867 2356 945 2410 sunt
976 2347 1122 2411 remedia
1161 2369 1261 2433 quam
1292 2353 1384 2425 mala,

160 2443 194 2496 et
214 2442 253 2496 ut
274 2452 417 2517 corpora
437 2433 524 2494 lente
545 2437 747 2516 augescunt,
778 2430 843 2490 cito
873 2433 1148 2518 exstinguuntur,
1177 2435 1226 2496 sic
1253 2437 1384 2521 ingenia

160 2515 337 2599 studiaque
358 2516 565 2600 oppresseris
597 2513 727 2574 facilius
756 2533 855 2594 quam
881 2519 1101 2579 revocaveris.
1144 2513 1243 2580 Subit
1265 2521 1384 2601 quippe

160 2603 259 2663 etiam
281 2597 387 2684 ipsius
409 2600 551 2661 inertiae
572 2595 734 2674 dulcedo,
758 2606 790 2658 et
810 2597 919 2659 invisa
940 2601 1048 2681 primo
1071 2598 1197 2662 desidia
1217 2611 1384 2682 postremo

160 2695 301 2753 amatur.
345 2681 460 2765 Quid?
493 2685 522 2742 si
548 2700 610 2760 per
636 2677 824 2762 quindecim
852 2699 955 2743 annos
977 2681 1120 2768 (grande
1139 2686 1294 2748 mortalis
1318 2687 1384 2746 aevi

160 2767 321 2852 spatium)
351 2767 449 2827 multi
475 2763 625 2826 fortuitis
647 2763 798 2842 casibus,
828 2767 1095 2848 promptissimus
1117 2769 1261 2850 quisque
1283 2771 1384 2831 saevi.

160 2853 208 2912 tia
228 2849 393 2932 Principis
414 2845 679 2910 interciderunt?
722 2845 843 2925 Pauci,
874 2855 912 2908 ut
939 2851 986 2910 ita
1007 2848 1169 2932 dixerim,
1199 2871 1268 2913 non
1291 2851 1384 2914 nied<

161 2935 323 3013 aliorum,
347 2930 523 2994 sedetiam
544 2931 651 2992 nostri
673 2931 868 3012 superstites
890 2953 1021 3010 sumus,
1055 2937 1214 3018 exemptis
1238 2956 1258 2998 e
1280 2935 1384 3000 medis

158 3019 230 3080 vita
250 3017 434 3094 totenais,
465 3015 584 3097 quibus
613 3017 751 3076 iuvenes
780 3009 822 3074 ad
842 3024 1065 3096 senectutem,
1095 3038 1189 3082 senes
1217 3041 1334 3104 prope
1356 3039 1384 3082 as

159 3103 249 3184 ipsos
271 3109 402 3162 exactae
423 3100 540 3160 aetatis
561 3099 721 3160 terminos
750 3117 812 3180 per
842 3099 1008 3161 silentium
1034 3103 1195 3164 venimus.
1238 3103 1326 3166 Non
1348 3113 1384 3168 ia

159 3203 235 3245 men
256 3185 402 3272 pigebit,
431 3184 484 3244 vel
506 3179 674 3243 incondita
694 3197 733 3241 ac
752 3178 831 3242 rudi
850 3201 932 3245 voce
953 3187 1148 3247 memoriam
1169 3189 1303 3270 prioris
1326 3207 1384 3262 sen

160 3267 278 3330 vitulis
301 3287 339 3328 ac
359 3267 586 3328 testimonium
611 3267 835 3348 praesentium
856 3265 1021 3328 bonorum
1042 3272 1276 3352 composuisse.
1329 3273 1383 3332 Hi

160 3353 296 3416 interim
316 3351 417 3422 liber,
439 3349 559 3411 honori
579 3347 753 3432 Agricolae
774 3351 880 3410 soceri
900 3352 966 3412 mei
988 3349 1183 3427 destinatus,
1206 3360 1383 3439 professio

163 3455 205 3497 ne
228 3437 361 3520 pietatis
382 3441 441 3496 aut
460 3430 613 3496 laudatus
634 3432 701 3492 erit
720 3439 778 3492 aut
798 3441 980 3496 excusatus.

233 3575 257 3624 l.
296 3569 376 3623 Nune
393 3570 498 3621 demum
518 3567 591 3620 redit
609 3569 721 3619 animus
739 3565 823 3621 nobis
840 3567 943 3635 bonus,
962 3570 1090 3624 animum
1109 3573 1284 3644 recipimus,
1311 3595 1383 3646 quei

163 3641 220 3694 iam
241 3641 492 3714 desponderamus.
513 3667 548 3679 ·-
571 3646 664 3702 et,·et
682 3646 795 3703 tarnen,
814 3657 970 3712 quanquam
990 3671 1027 3683 -
1045 3653 1149 3697 natura
1168 3653 1264 3701 tuanen
1291 3659 1356 3704 cet.
1378 3669 1383 3686 ¹

162 3713 198 3766 all
217 3713 289 3765 Ann.
311 3719 345 3780 1,
366 3719 416 3780 13,
435 3715 461 3769 2.
498 3711 604 3781 Aptior
621 3711 751 3786 vulgaris
771 3713 891 3782 copulae
910 3715 1085 3790 significatio
1105 3735 1165 3771 ease
1183 3719 1315 3774 videtur
1331 3727 1383 3780 ltlii

161 3785 245 3852 lero,
273 3787 314 3852 (in
332 3787 456 3857 Ephem.
476 3785 521 3837 lit.
542 3783 637 3837 Goatt.
658 3801 682 3836 a.
702 3787 781 3840 1826.
801 3803 829 3856 p.
851 3791 944 3852 1299.)
969 3795 997 3841 et
1021 3789 1177 3864 Brliggem.
1203 3793 1278 3862 quia
1313 3797 1383 3850 ver]

160 3875 220 3927 seq.
240 3860 331 3935 magis
351 3859 387 3912 ad
405 3876 477 3912 nunc
494 3858 599 3910 demum
618 3863 763 3926 spectent,
798 3875 888 3927 quam
913 3859 949 3912 ad
967 3861 1181 3924 restiterimus,
1218 3872 1247 3919 et
1268 3885 1346 3940 seq.
1370 3881 1383 3924 n

159 3949 221 3984 men
247 3932 282 3984 ad
310 3941 337 3984 et
360 3931 513 4002 pertineat.
553 3929 606 3982 Sed
628 3947 785 4002 quanquam
813 3947 888 3984 corr.
917 3932 980 4003 liip.
1010 3941 1038 3988 et
1062 3933 1137 4010 Eng.
1174 3955 1358 4010 quanquam
1379 3971 1383 3990 .

160 4007 356 4057 miscuerit-
373 4012 579 4074 augeatque-
597 4007 794 4071 assumpserit,
832 4022 858 4055 r.
879 4003 915 4057 ad
936 4006 1007 4059 Anu.
1029 4011 1062 4070 1,
1083 4012 1118 4076 ll,
1138 4011 1164 4064 5.
1184 4019 1212 4063 et
1231 4016 1272 4075 6,
1301 4021 1356 4070 51,
1379 4043 1383 4070 .

100 4087 104 4094 “
159 4080 250 4147 primo
269 4085 348 4138 ortu,
389 4076 526 4146 rincipio.
546 4103 581 4115 -
609 4075 763 4128 beatissima·
780 4079 902 4140 saeculi,
931 4087 965 4130 ut
983 4095 1007 4131 c.
1027 4083 1071 4134 11.
1110 4081 1169 4134 Gur
1188 4075 1383 4144 beatissim¹

160 4149 211 4214 sit,
233 4151 355 4204 docetur
396 4149 442 4200 .1.
464 4156 492 4200 et
509 4147 544 4199 ll.
567 4153 591 4212 l,
612 4153 636 4202 1.
658 4156 729 4202 extr.
767 4149 963 4204 beatissimum
982 4151 1099 4222 quidem
1118 4162 1251 4208 exortum
1277 4171 1331 4214 est
1353 4184 1382 4217 se

159 4226 264 4284 culum,
298 4239 387 4294 quum
412 4227 478 4292 post
503 4219 660 4273 Domitiani
686 4227 817 4291 tempora
847 4223 963 4291 eiusque
983 4225 1053 4276 aclis
1072 4227 1201 4281 rescissis
1222 4247 1244 4282 a.
1271 4233 1321 4288 U,
1350 4241 1382 4294 g:

160 4293 1242 4428 Altttt⁰tttt1lttt¹¹⁵ttlittlttttttttlitt?
1265 4315 1382 4431 ”1²⁹³

577 4401 586 4430 r
684 4402 691 4416 ·
728 4404 747 4432 n
1104 4409 1110 4424 ·
1145 4411 1151 4425 ·
1247 4393 1289 4430 05
1338 4393 1382 4438 iet
