2904 4802
171 177 232 241 art
478 143 703 238 6666666
724 175 782 238 66
805 122 1094 240 astruamus,

171 343 304 412 potentia
324 341 398 396 mihi
411 345 529 414 pignori
557 342 595 394 sit
621 343 702 407 fore,
737 349 770 394 ut
794 349 890 393 ratum
916 341 954 392 sit
977 346 1182 394 testamentum
1206 357 1240 392 66
1263 353 1402 392 securum
1434 345 1435 376 ;

173 415 290 484 meique
308 422 422 485 partem
440 413 544 469 saltem
569 414 712 468 bonorum
740 419 880 466 meorum
898 414 1002 466 ierant.
1034 431 1062 467 v.
1090 409 1219 465 661166.
1239 413 1352 477 2,18,
1373 417 1400 466 1.
1434 439 1435 469 t

163 485 266 555 saturi
288 495 351 542 test.
379 507 431 558 pro
457 507 484 558 p.
512 487 632 542 scribam
658 487 836 540 hexameter.
869 503 897 538 r.
927 485 962 538 66
991 486 1026 540 G.
1045 490 1089 544 39.
1112 502 1141 538 n.
1159 489 1187 540 1.
1226 483 1403 538 Coniectura
1434 517 1435 552 3

170 561 311 636 augurari
329 561 448 614 ridetur
465 567 591 614 mortem
610 559 815 630 propinquam.
851 558 894 612 cf.
919 558 954 612 ad
973 575 998 612 6.
1017 561 1043 614 2.
1063 577 1092 613 6.
1113 562 1196 612 1.-
1227 557 1405 628 6666666666·

170 633 288 702 quasin
307 633 351 687 66.
371 650 416 703 pr.
436 633 705 704 pseudopastorum,
734 632 811 685 unde
829 631 988 703 quandoque
1007 629 1088 684 dedit
1107 629 1151 685 Os.
1177 649 1204 683 v.
1224 629 1261 682 ad
1278 631 1353 684 Ann.
1375 635 1403 698 1,

168 708 202 768 6,
222 710 248 762 2.
287 707 445 777 quandoque
473 709 516 770 (et
534 704 661 776 quando)
681 703 792 774 fatalis
809 713 837 757 et
854 723 930 758 meus
948 705 1004 759 diss
1022 707 1133 764 666161,
1156 711 1272 757 statuar
1289 705 1404 756 tumulo

170 779 244 832 coni.
264 779 342 834 Orel.
362 776 518 847 -fatalis
537 787 565 833 et
581 795 656 832 meus
673 778 741 840 dies,
759 785 902 846 „utraque
922 777 1012 832 dictio
1032 785 1157 832 mortem
1176 775 1340 830 naturalem
1360 777 1403 828 in·

169 849 261 917 dicat,
296 859 330 904 ut
347 851 456 921 fatalis
481 852 811 922 61661116.6Ρ.1,12.
839 851 946 905 Vellei.
963 852 998 916 2,
1016 853 1042 904 1.
1080 869 1133 905 666
1157 858 1247 902 morte
1273 853 1349 901 mors·
1375 857 1405 901 et
1434 875 1435 880 =

167 921 288 995 defungi
306 923 377 996 (1616
395 921 507 997 Sardes)
526 924 666 996 6616666111,
685 921 830 991 θνήσκειν)
856 922 921 976 666.
948 941 993 994 ep.
1013 927 1049 980 69
1069 931 1143 977 extr.
1171 931 1201 976 et
1218 921 1298 976 Suet.
1319 921 1403 975 Caes.

167 999 212 1052 89.
231 997 282 1050 611
301 1015 328 1050 6.
349 997 486 1052 Gasaub.''
507 996 613 1050 schulz.
652 995 785 1068 „Copula
803 1013 819 1049 a
838 995 915 1049 Pith.
936 995 1049 1060 661616,
1070 995 1209 1066 quoniam
1227 1011 1316 1060 mnu,
1338 1002 1405 1047 tuus

161 1066 273 1136 satalia
290 1061 346 1123 asts
365 1069 477 1140 saepius
496 1069 616 1146 legitur.
656 1068 713 1124 Sed
730 1069 829 1140 simpl.
860 1067 946 1122 etiam
975 1067 1086 1121 dicitur
1112 1087 1200 1133 meus,
1226 1076 1311 1128 tuus,
1335 1085 1405 1120 suus

168 1143 254 1196 dies.’'
276 1143 349 1195 Orel.
377 1163 405 1198 v.
425 1144 461 1197 ad
478 1143 553 1195 Anu.
573 1147 608 1208 6,
627 1143 672 1199 211.
693 1169 728 1182 -
762 1141 1045 1210 666161666.Ρ6666
1064 1158 1174 1195 omnes.
1206 1144 1303 1194 666161
1321 1139 1403 1193 MSS.

168 1215 230 1268 Vat.
252 1215 317 1269 edd.
338 1215 418 1270 Seeb.
442 1216 492 1268 Dr.
513 1215 557 1268 0s.
594 1218 698 1269 uenerit
715 1214 851 1289 legitima
868 1212 1016 1267 scribendi
1035 1215 1111 1268 ratio
1129 1213 1311 1284 postulabat;
1330 1213 1404 1266 Era.

170 1285 273 1340 Omnia
293 1287 365 1342 haec
393 1296 472 1342 recte
500 1287 647 1341 dicuntur.
685 1287 835 1358 „Tempus
860 1303 995 1358 praesens
1022 1286 1170 1340 interdum
1195 1286 1318 1355 ponitur
1346 1301 1405 1355 pro

71 1416 73 1420 ¹
169 1359 233 1411 Fut.
271 1377 298 1413 r.
324 1360 459 1413 Ruddim.
479 1361 548 1412 inst.
568 1377 613 1434 gr.
633 1359 667 1413 T.
689 1361 729 1413 11.
748 1377 778 1430 Ρ.
800 1361 863 1416 381.
889 1357 934 1412 66.
958 1357 1060 1411 816111).
1088 1367 1117 1412 61
1143 1357 1318 1412 Rumshorn.
1349 1357 1404 1410 Gr.

162 1430 198 1498 Ρ
217 1435 301 1486 101.”
318 1434 370 1486 Dr.
409 1433 453 1486 cf.
473 1433 508 1485 66
528 1450 552 1484 6.
573 1436 617 1488 39.
638 1449 666 1482 n.
687 1435 713 1484 1.
734 1458 769 1470 -
787 1437 950 1495 6161666666
968 1432 1095 1492 tumulo,
1116 1431 1153 1482 61.
1173 1428 1345 1480 Kirchman.
1369 1427 1406 1479 66

169 1502 232 1552 fun.
251 1501 331 1555 Rom.
352 1506 384 1563 3,
405 1505 448 1557 to.
482 1500 517 1553 66
542 1501 643 1554 statuis
668 1501 773 1554 erectis
797 1501 830 1553 in
854 1497 1017 1566 sepulcris,
1045 1498 1104 1550 Scb.
1142 1497 1199 1551 Sed
1224 1497 1254 1550 b.
1275 1499 1296 1550 l.
1323 1496 1407 1548 nibil

171 1577 214 1623 est
231 1571 288 1624 nisi
308 1571 448 1639 sepeliri,
466 1571 586 1624 Dronle.
605 1599 642 1610 —
670 1580 791 1626 maestus
809 1577 836 1620 et
854 1577 953 1632 atrox,
979 1577 1063 1623 torvo
1083 1571 1187 1632 vultu3
1212 1570 1281 1620 Era.
1320 1568 1407 1634 Quod

172 1657 256 1710 saepe
275 1642 465 1715 contingebat
483 1641 661 1709 oratoribus,
682 1643 733 1711 qui
752 1651 781 1695 et
799 1641 851 1694 sub
868 1641 970 1706 malis,
999 1649 1029 1695 et
1046 1643 1097 1694 sub
1116 1642 1199 1695 bonis
1218 1640 1408 1711 Principibus

116 1715 124 1726 ¹
172 1727 380 1782 nonnunquam
397 1713 611 1783 puniebantur,
627 1714 703 1766 Brut.
723 1743 759 1753 —
792 1721 960 1768 coronatus.-
978 1731 1045 1766 narn
1065 1714 1189 1768 mortuis
1209 1713 1296 1766 etiam
1317 1729 1407 1766 coro-

171 1801 243 1850 666,
264 1785 341 1854 inpr.
362 1786 470 1838 virtute
488 1793 604 1856 partae,
625 1786 789 1854 etquidem
809 1795 870 1840 tam
890 1786 934 1852 ei,
960 1785 1012 1855 qui
1030 1785 1204 1856 peperisset,
1235 1803 1321 1855 quam
1343 1786 1407 1838 eius

171 1857 303 1925 parenti,
328 1857 442 1928 imponi
460 1858 604 1924 solebant,
638 1858 716 1927 quod
734 1859 799 1928 ipsa
817 1859 866 1912 lex
883 1858 937 1913 XII
956 1857 1119 1912 tabularum
1138 1857 1270 1911 iubebat:
1302 1858 1408 1926 quales

173 1944 297 1982 coronae
317 1929 404 1982 etiam
423 1947 502 1982 nunc
519 1931 550 1982 in
565 1932 761 1984 monumentis
778 1931 990 2001 sepulcralibus
1005 1931 1236 2002 conspiciuntur.
1256 1949 1306 1997 „r.
1326 1931 1406 1982 Plin.

170 2003 224 2062 21,
243 2005 268 2055 3.
290 2001 350 2055 cic.
371 2002 428 2075 leg.
448 2006 482 2067 2,
502 2006 554 2070 21,
574 2007 618 2059 611.
638 2019 666 2073 Ρ.
689 2003 768 2057 Flac.
788 2009 832 2060 31.
867 2001 1036 2056 Kirchman.
1066 2003 1181 2057 delun.
1201 2002 1283 2056 Rom.
1304 2007 1337 2067 1,
1360 2007 1406 2056 11.

171 2071 275 2125 Petisci
296 2073 365 2126 Lex.
386 2075 476 2144 antiq.
497 2075 581 2128 Rom.
601 2075 634 2128 T.
653 2075 676 2128 Ι.
695 2093 723 2146 p.
744 2079 826 2134 576.”
848 2077 896 2130 01.
917 2084 946 2130 61
963 2077 1014 2128 Dr.
1034 2105 1070 2115 -
1097 2094 1152 2147 pro
1177 2080 1314 2128 memoria
1331 2079 1410 2128 mei:

172 2162 261 2209 „nam
280 2145 399 2200 subinde
417 2151 553 2200 memoria
573 2148 719 2212 defuncti,
752 2166 842 2217 quum
866 2149 974 2202 invisus
997 2150 1094 2202 iuerat
1119 2155 1222 2210 66166,
1254 2147 1407 2201 laceraba-

172 2225 246 2282 tur,
273 2234 369 2286 neque
393 2217 481 2272 licerit
508 2219 665 2273 heredibus
690 2222 860 2290 sepulcrum
879 2221 1006 2274 accusati
1025 2221 1075 2274 vel
1093 2219 1221 2273 damnati
1239 2219 1298 2274 rito
1318 2237 1410 2274 exor-

173 2305 261 2354 nare,
294 2290 352 2342 nisi
377 2291 495 2345 veniam
523 2291 584 2345 eius
615 2291 660 2345 rei
687 2293 736 2346 rel
760 2312 776 2346 6
801 2294 937 2363 Principe
960 2293 1009 2346 vel
1029 2311 1045 2346 a
1064 2301 1164 2346 senatu
1184 2293 1408 2364 impetrassent:

108 2423 114 2433 ·
172 2361 249 2414 unde
269 2361 360 2416 Gron.
381 2371 477 2418 recte:
511 2383 558 2418 nac
581 2367 711 2418 consulat
734 2383 774 2418 sc.
794 2375 943 2430 senatum,
968 2365 1004 2418 66
1022 2383 1089 2418 6616
1107 2367 1229 2428 referat,
1257 2383 1306 2418 nec
1325 2375 1410 2437 roget

173 2433 360 2504 Principem,
381 2435 431 2503 (au
450 2436 540 2490 liceat
560 2437 697 2491 66166616
715 2438 835 2506 1116166,
863 2437 989 2508 16Ρ1666,
1014 2445 1121 2490 statuas
1140 2445 1169 2492 61
1188 2437 1334 2524 imagines
1354 2455 1410 2508 po·

172 2507 256 2570 nere)
275 2505 346 2560 coll.
365 2506 396 2576 §.
416 2512 442 2562 1.
463 2509 533 2562 1661.
554 2509 589 2562 66
608 2509 688 2574 iud,
707 2510 766 2582 lap.
786 2529 832 2581 ap.
852 2511 937 2564 Grut.
957 2527 986 2581 p.
1006 2513 1069 2566 351.
1097 2517 1127 2564 61
1148 2510 1291 2563 Artaturd.
1318 2511 1410 2565 0661-

173 2593 249 2632 rocr.
271 2583 304 2644 1,
324 2581 370 2634 5.’'
396 2581 502 2635 Sedula.
540 2582 624 2636 6661.
649 2581 685 2636 66
708 2582 784 2640 Ant—1.
804 2586 839 2648 2,
858 2587 909 2650 32,
929 2587 954 2637 1.
992 2583 1067 2636 Μ616
1092 2585 1219 2637 consulat
1244 2584 1411 2659 astrologos

173 2651 277 2704 116616.
307 2659 337 2705 61
362 2661 442 2708 66116
467 2655 548 2725 Lips.
577 2655 625 2708 cui
651 2663 749 2710 tamen
775 2655 987 2730 suffragabatur
1005 2655 1083 2709 Brot.
1103 2655 1152 2709 his
1169 2654 1280 2709 verbist
1310 2655 1410 2722 Quum

174 2722 236 2792 ipsa
261 2739 380 2778 reorum
404 2728 547 2780 memoria
575 2745 659 2798 saepe
682 2727 871 2783 damnaretur
896 2736 926 2783 et
954 2727 1052 2793 tituli,
1083 2728 1226 2803 imagines
1251 2735 1412 2797 ceteraque

173 2793 319 2849 honorum
337 2807 525 2853 monumenta
551 2799 761 2866 abolerentur,
788 2802 1004 2855 consulebantur
1027 2809 1124 2868 rates,
1154 2808 1202 2866 61,
1235 2800 1308 2868 quid
1335 2809 1413 2855 esset

174 2867 352 2936 timendum,
373 2870 543 2937 audiretur,
563 2873 739 2943 rogabuntur
756 2874 923 2944 Principes,
944 2880 1112 2928 natantum
1132 2872 1287 2927 saevirent.

635 3088 829 3144 CAPUT
870 3091 944 3142 xlv,

259 3213 409 3279 Vixdum
440 3217 574 3280 linierat
602 3215 778 3282 Maternus
809 3221 992 3282 concitatus
1025 3227 1059 3281 et
1093 3219 1185 3284 velut
1218 3217 1414 3297 instinctus,

177 3319 281 3383 quum
301 3300 487 3382 Vipstanus
509 3298 654 3362 Messala
674 3303 865 3364 cubiculum
887 3305 959 3366 eius
980 3303 1151 3387 ingressus
1183 3311 1234 3366 cst
1261 3305 1414 3386 suspica·

177 3391 298 3468 tueque
319 3405 359 3446 ex
380 3385 452 3468 ipsa
473 3385 657 3447 intentione
686 3388 913 3470 singulorum,
950 3387 1102 3448 altiorem
1132 3390 1221 3450 inter
1250 3405 1305 3448 eos
1338 3408 1414 3450 esse

179 3487 381 3530 sermonem:
420 3467 511 3530 Num
540 3488 660 3550 parum
682 3472 918 3552 tempestivus,
946 3471 1078 3551 inquit,
1109 3471 1277 3533 interveni
1299 3491 1415 3534 secre-

78 3613 79 3616 ,
178 3562 251 3615 tum
271 3552 446 3614 consilium
467 3559 501 3614 et
521 3568 639 3614 causae
660 3555 800 3616 alicuius
822 3555 1072 3617 meditationem
1093 3554 1336 3616 tractantibus?
1382 3607 1385 3616 .

262 3632 426 3714 Minime,
448 3635 604 3722 minime,
626 3637 737 3720 inquit
757 3634 948 3716 Secundus,
978 3647 1078 3718 atque
1099 3633 1180 3698 6666
1202 3637 1320 3702 vellem
1342 3659 1416 3700 ma-

180 3717 291 3780 turius
312 3719 558 3782 intervenisses.
601 3719 805 3783 Delectasset
835 3724 923 3786 enim
953 3731 987 3782 16
1016 3727 1049 3782 61
1075 3719 1162 3804 Apri
1182 3723 1292 3784 nostri
1312 3741 1417 3784 accu-

180 3803 367 3866 ratissimus
388 3821 520 3881 sermo,
542 3823 647 3884 quum
669 3802 880 3886 Maternum,
911 3814 951 3868 ut
971 3823 1067 3867 omne
1088 3803 1260 3891 ingenium
1280 3823 1319 3866 ac
1341 3815 1417 3868 stu-

182 3883 275 3947 dium
297 3903 395 3970 suum
415 3883 458 3946 ad
478 3903 594 3947 causas
615 3886 756 3971 agendas
784 3895 1013 3960 converteret,
1049 3889 1243 3950 exhortatus
1273 3895 1344 3968 est,
1381 3901 1417 3952 et

182 3965 331 4030 Materni
352 3987 415 4050 pro
437 3971 640 4032 carminibus
662 3974 732 4034 suis
755 3973 860 4052 lacta,
896 3982 999 4056 utque
1027 3979 1141 4053 poetes
1162 3969 1295 4035 delendi
1316 3971 1419 4036 dece-

182 4052 259 4131 bat,
282 4049 479 4132 audentior,
501 4063 677 4134 poetarum
699 4075 798 4139 quam
818 4065 992 4118 oratorum
1013 4057 1174 4135 similior,
1196 4058 1314 4118 oratio.

266 4131 324 4196 Me
345 4155 445 4214 uero,
467 4137 598 4217 inquit,
621 4146 655 4200 61
675 4157 783 4201 sermo
804 4140 874 4222 ipse
896 4141 1028 4202 infinite
1047 4142 1218 4224 voluptate
1238 4141 1419 4218 affecisset,

183 4225 283 4300 atque
305 4215 341 4278 id
361 4220 472 4302 ipsum
494 4217 654 4298 delectat,
690 4220 780 4306 quod
800 4245 882 4303 vos,
916 4225 985 4288 riri
1013 4225 1132 4307 optimi
1160 4233 1193 4286 et
1223 4233 1421 4308 temporum

182 4311 374 4366 nostrorum
396 4311 567 4385 oratores,
589 4323 655 4366 non
675 4306 862 4370 forensibus
883 4317 1013 4372 tantum
1034 4309 1177 4394 negotiis
1199 4316 1232 4371 et
1253 4305 1423 4372 declama-

140 4393 142 4399 ’
1223 4397 1234 4424 0
