2770 4792
190 267 251 330 268
605 261 851 326 AGRICOLAE
874 261 995 324 VITA.

191 441 331 496 tentare:
367 440 401 493 et
421 431 504 492 nihil
525 432 659 492 iuterim
680 427 768 514 apud
790 429 899 491 hostes
921 431 1068 512 quietum
1090 433 1176 512 pati,
1211 447 1273 510 qno
1297 429 1369 484 minu

190 517 308 578 subitis
330 515 523 578 excursibus
544 515 782 596 popularetnr;
816 521 915 596 atque
935 513 995 574 ubi
1017 515 1096 574 satis
1116 520 1299 588 terruerat,
1325 527 1369 590 par

190 597 293 662 cende
319 619 437 662 rursus
459 599 666 658 irritamenta
687 599 777 679 pacis
798 605 975 660 ostentare.
1018 595 1147 676 Quibus
1170 597 1267 658 rebus
1287 595 1367 653 malta

190 686 360 762 civitates,
383 683 521 764 quaein
543 681 636 742 illum
658 679 744 742 diem
766 702 806 742 ex
826 698 932 761 aequo
954 688 1104 765 egerant,
1129 678 1213 740 datis
1233 675 1369 740 obsidium

190 769 275 828 iram
295 785 453 849 posuere,
495 773 529 826 et
557 763 732 846 praesidiis
761 763 967 844 castellisque
996 761 1219 824 circumdatae
1250 768 1329 822 tenu
1346 777 1369 816 ra

190 853 281 912 tione
306 867 471 931 curaque,
511 848 664 908 utnulla
691 855 767 910 ante
793 847 986 910 Britanniae
1018 865 1103 910 nova
1126 867 1214 930 ,pars
1241 843 1369 906 illucessit

189 933 370 994 transierit.

262 1053 286 1103 1.
325 1049 468 1120 egregiam
484 1030 600 1116 samam
619 1051 687 1118 paci
714 1047 911 1108 circumdedit,
949 1045 1081 1112 „Graece
1105 1046 1232 1112 dictum,
1259 1053 1289 1096 ut
1307 1042 1369 1106 Male

190 1113 241 1176 olle
267 1121 336 1191 άμᾶς
362 1126 453 1189 πείσῃ,
485 1119 621 1184 τοιαύταις
648 1117 790 1184 αἰσχύναις
811 1121 858 1186 τήν
885 1117 965 1174 πόλιν
987 1118 1143 1192 περιβαλεῖν
1178 1121 1267 1174 Isoor.
1291 1113 1369 1170 archi·

189 1210 217 1262 p.
232 1195 294 1248 280.
315 1191 358 1246 ed.
369 1191 464 1248 Wolf.
480 1200 509 1245 et
529 1193 634 1248 oit’iat
652 1195 698 1258 τῆς
716 1191 874 1260 ἀλλοδαπῆς
892 1192 979 1263 α’γνολς
997 1193 1060 1260 ἴση·
1080 1190 1189 1248 τοιαῦτά
1210 1212 1253 1247 σοι
1272 1185 1370 1264 nepulit

191 1267 221 1320 τά
240 1269 411 1340 γνωρίσματα
428 1265 547 1318 Lucian.
569 1265 665 1319 Sonm.
687 1265 747 1318 11.'’
769 1263 874 1318 Walcls.
916 1263 1047 1330 „Eadem
1073 1265 1135 1318 fere
1164 1272 1206 1318 est
1234 1264 1305 1316 ratio
1328 1257 1370 1330 rell

189 1335 341 1410 περιάπτειν
360 1345 389 1391 el
407 1335 641 1410 περιβάλλεσθαι,
678 1345 710 1388 ut
733 1355 778 1408 ap.
799 1337 922 1412 Longiu.
949 1337 984 1390 de
1003 1337 1116 1389 sublim.
1137 1342 1161 1392 1.
1181 1335 1212 1406 β.
1231 1341 1259 1394 3.
1277 1344 1330 1397 τοῖς
1343 1339 1370 1402 td

190 1412 239 1464 soie
257 1409 419 1485 περιέβαλον
437 1410 569 1475 εείιλείαις
586 1413 631 1464 τόν
649 1411 759 1464 altrat
778 1408 876 1464 Peerlls.
923 1409 973 1464 Sic
1001 1417 1030 1463 et
1053 1413 1220 1484 περιτιθέναι
1237 1416 1287 1464 uel
1305 1408 1370 1475 άιιμιλ

190 1479 322 1554 Thucyd.
342 1485 376 1549 6,
396 1485 440 1540 89.
469 1505 485 1538 νι
504 1481 566 1547 άτσς
585 1482 684 1552 Polyb.
706 1485 755 1550 15,
773 1485 800 1538 8.
834 1481 916 1546 δόξαν
940 1489 995 1546 τοῖς
1013 1471 1045 1537 etl
1060 1485 1182 1538 ποιοῦσιν
1208 1479 1347 1537 Demosth.
1369 1491 1370 1544 j

190 1559 268 1612 1417.
295 1559 321 1612 3.
351 1555 394 1608 ed.
424 1555 490 1608 Reis
559 1555 602 1609 GP.
627 1555 689 1608 lud.
709 1556 745 1608 ll.
772 1583 808 1594 -
847 1559 890 1610 uel
914 1558 1028 1608 incuria
1051 1557 1095 1608 oel
1112 1559 1268 1608 tolerantia
1286 1557 1370 1624 priam

190 1628 410 1704 „Legatorutm
441 1629 492 1696 qni
517 1629 567 1682 vel
589 1643 649 1680 non
669 1635 857 1697 curaverant,
890 1627 938 1680 vel
957 1628 1153 1682 toleraverant
1171 1621 1370 1680 subditoruml

191 1701 289 1754 iunias.
328 1699 416 1754 Recte
435 1701 617 1776 Virduugus:
645 1700 776 1761 incuria,
805 1700 874 1754 dum
901 1717 960 1754 non
979 1701 1133 1770 inquirunt
1151 1701 1184 1754 in
1201 1701 1329 1753 facinore
1345 1713 1370 1746 su

191 1791 256 1826 rum
281 1773 484 1826 ministrorum
509 1773 671 1838 Praesides,
708 1773 947 1845 (Sorgloeiglseit‚
979 1773 1218 1842 Unaclsteamleit)
1258 1773 1370 1825 tolerant

190 1845 268 1914 quod
293 1844 329 1898 ed
354 1845 461 1898 delicta
489 1862 610 1899 suornm
641 1847 849 1912 conniverent,
876 1845 1057 1918 Eratdnng,
1088 1843 1280 1916 Sclalqffleeitst
1314 1841 1370 1894 lVal

191 1917 328 1982 „incuria
347 1923 389 1970 est
408 1917 478 1968 talia
497 1918 616 1970 omnino
635 1935 694 1971 non
713 1919 895 1986 curantium,
915 1919 1122 1983 nescientium
1154 1922 1310 1972 toln-antia
1326 1913 1370 1966 scis

191 1989 266 2040 tium
287 1995 316 2042 et
334 1996 433 2041 temen
452 2005 511 2042 non
531 1990 707 2042 curantium.
752 1990 802 2044 Sic
821 1991 876 2043 Dio
895 1994 948 2056 61,
967 1993 993 2046 2.
1031 1992 1063 2046 Ὁ
1089 1989 1217 2063 Γάλβας,
1243 1989 1287 2044 ὅτι
1313 1991 1370 2041 lasis

190 2061 294 2115 άιλικεῖν
312 2063 464 2134 ἐπέτρεπεν,
501 2057 579 2128 iliu
598 2059 688 2132 ἠγνόει
707 2063 740 2117 aul
758 2059 902 2134 γινόμενα,
933 2061 967 2118 od
995 2064 1085 2127 καλῶς
1102 2063 1213 2130 ἥτονε.”
1241 2062 1339 2114 Peerlk-

191 2137 303 2185 incuria
321 2135 364 2185 ael
380 2135 533 2184 tolerantia
552 2133 595 2186 ed.
617 2133 706 2188 Rhen.
726 2137 752 2190 2.
772 2140 798 2192 3.
828 2143 857 2188 et
883 2153 941 2190 rec.
968 2143 1080 2190 tantum
1107 2153 1165 2190 non
1191 2153 1301 2190 omnes.
1337 2129 1370 2182 Co

191 2205 254 2258 lud.
275 2205 330 2258 lll.
351 2223 379 2256 v.
399 2207 528 2258 Allativi
542 2223 596 2276 pro
615 2208 668 2273 ob,
695 2215 819 2278 propter
836 2227 896 2260 cum
915 2209 1042 2261 Accusat.
1080 2212 1124 2262 cel
1146 2213 1177 2262 in
1203 2213 1287 2260 curia
1311 2207 1370 2258 νιΙι

190 2277 252 2332 niv.
274 2281 317 2330 uel
335 2280 365 2330 in
385 2283 466 2330 curia
485 2281 672 2332 intolerantia
690 2281 753 2334 Put.
773 2289 848 2346 tres,
869 2281 933 2334 Ber.
954 2279 1044 2334 Rhen.
1066 2286 1090 2336 1.
1128 2283 1304 2334 selincuria
1321 2277 1359 2329 rel

191 2353 348 2406 tolerantia
373 2349 435 2402 Vet.
462 2354 544 2409 3129.
570 2351 614 2404 ed.
641 2352 694 2405 Dr.
722 2353 809 2406 Beck.
834 2353 900 2422 (qui
921 2353 1085 2428 significari
1103 2362 1186 2424 putet
1207 2351 1370 2408 intoleranti

190 2423 321 2478 Suetonii
340 2423 468 2487 Paulini,
489 2423 524 2478 de
544 2442 601 2493 qua
619 2443 647 2478 v.
668 2443 730 2496 cap.
753 2427 810 2493 16.)
836 2434 865 2480 et
884 2427 964 2480 Hert.
987 2457 1023 2468 -
1058 2445 1126 2498 quae
1151 2445 1207 2497 pax
1230 2425 1309 2480 haud
1330 2425 1371 2494 mil

191 2515 274 2570 quam
299 2497 399 2551 bellum
424 2499 589 2558 timebatur,
622 2497 766 2567 siquidem
792 2499 825 2551 in
855 2516 927 2570 pace
950 2497 1029 2552 haud
1052 2501 1148 2552 minus
1175 2517 1264 2568 quem
1291 2500 1322 2550 in
1344 2495 1371 2560 bd

191 2569 408 2642 spoliabantur,
428 2569 643 2638 illudebantur,
663 2572 746 2625 omni
765 2571 947 2625 crudelitatis
966 2589 1074 2646 genere
1093 2572 1318 2633 lacerabantnr;
1345 2565 1371 2626 l'l

191 2643 238 2697 sic
258 2659 319 2713 cap.
340 2647 384 2699 3⁰.
422 2645 471 2696 uli
487 2646 666 2698 solitudinem
677 2641 814 2712 saciant,
840 2663 938 2714 pacem
957 2648 1121 2716 appellant,
1157 2653 1185 2698 et
1209 2643 1371 2704 Ann.12‚l

190 2716 311 2779 additis,
329 2719 380 2786 qui
395 2735 491 2786 pacem
509 2725 635 2771 nostram
653 2720 837 2772 metuebam?
854 2719 974 2772 Dronle.

262 2811 288 2864 2.
328 2807 382 2860 Sed
396 2810 445 2861 ubi
462 2815 554 2860 aeetae
572 2809 701 2868 advenit,
731 2809 763 2860 in
791 2825 848 2877 que
875 2825 934 2862 uon
958 2817 1123 2880 penetrasse
1142 2809 1261 2863 videtur
1280 2821 1371 2874 usque

191 2881 277 2936 Frith
297 2882 330 2933 of
346 2879 439 2949 Glyde
458 2898 480 2932 s.
500 2883 533 2934 ot
549 2880 658 2946 Parth,
679 2882 733 2946 (ita
751 2881 873 2935 Gordon
892 2882 956 2936 itin.
976 2891 1049 2952 sept.
1069 2900 1096 2952 p.
1118 2886 1264 2947 tt-1o.)
1294 2879 1342 2932 sed
1359 2885 1371 2926 a

191 2961 254 3005 tum
273 2951 309 3004 ad
327 2950 570 3022 Solway-Frith,
598 2953 740 3019 Cerlisle,
767 2953 952 3020 Annandale,
978 2953 1234 3022 Burnsworkhitl,
1265 2951 1371 3006 bliddle

191 3025 240 3077 ubi
260 3023 348 3078 etiam
369 3041 448 3076 nunc
468 3032 630 3078 castrorum
649 3025 730 3078 Rom.
751 3027 889 3100 vestigia,
910 3034 950 3093 (v.
973 3028 1092 3081 Gordon
1110 3045 1138 3097 p.
1159 3029 1215 3091 15.)
1234 3029 1328 3082 Aret.
1347 3023 1371 3072 Bt

191 3105 220 3150 et
241 3095 346 3150 Walcla.
366 3125 403 3136 -
439 3100 557 3150 multum
586 3101 616 3150 in
642 3103 756 3170 agmine
779 3101 892 3152 laudare
910 3101 1075 3154 modestiam
1107 3099 1170 3154 edd.
1191 3108 1249 3152 vet.
1271 3099 1371 3162 αἰτίαν

190 3172 309 3222 multum
330 3173 361 3222 in
380 3173 508 3240 agmine.-
528 3171 642 3223 laudare
660 3172 831 3226 distinctum
851 3173 883 3224 in
901 3177 964 3226 Put.
985 3183 1014 3227 et
1032 3175 1096 3227 Ber.
1124 3174 1230 3226 multus
1250 3175 1283 3225 in
1304 3187 1369 3240 agne

192 3243 357 3295 laudarem.
376 3243 439 3296 Vet.
459 3246 542 3300 3129.
569 3251 598 3296 et
617 3262 641 3296 c.
662 3246 728 3299 Urs.
757 3245 835 3314 quod
861 3245 891 3298 in
920 3247 1052 3300 ordinem
1074 3261 1213 3315 recepere
1242 3245 1326 3298 Brot.
1352 3241 1371 3291 Β

191 3321 220 3368 et
247 3315 376 3368 Dronke.
414 3313 470 3368 llic
499 3318 625 3369 contulit
651 3317 722 3371 Sall.
746 3317 813 3392 lug.
834 3321 878 3373 et.
917 3323 1022 3373 multus
1040 3316 1169 3386 ecferor
1188 3321 1320 3378 instare,
1349 3314 1371 3366 'u

164 3419 167 3424 ·
191 3405 216 3440 c.
236 3391 281 3445 96.
319 3391 351 3442 in
369 3390 483 3460 aparine
508 3398 590 3460 utque
612 3389 652 3442 ad
665 3392 782 3462 vigiliae
808 3393 911 3444 mutan
930 3393 1036 3453 adesse,
1063 3391 1131 3444 Tac.
1151 3391 1227 3444 Ann.
1247 3394 1285 3456 t,
1309 3393 1353 3444 12.

190 3463 264 3514 culti
281 3463 475 3522 laetabuntur,
496 3466 549 3528 te,
568 3465 611 3519 56.
631 3481 712 3516 rarus
727 3482 780 3532 per
801 3464 910 3525 Urbem,
928 3465 998 3541 Agr.
1018 3469 1062 3522 37.
1074 3463 1210 3536 frequens
1229 3461 1371 3534 ubique&

191 3537 258 3586 cola.
302 3534 356 3588 llis
378 3541 477 3588 temen
504 3535 576 3588 locis
602 3551 661 3589 non
686 3535 795 3589 dicitur
815 3539 923 3592 multus
948 3557 1018 3598 esee,
1053 3537 1132 3608 quod
1158 3536 1302 3590 absonum
1335 3535 1371 3584 vi<

190 3613 300 3676 potest,
332 3607 381 3660 sed
406 3611 508 3660 multus
532 3613 638 3661 instare
662 3617 691 3661 et
714 3609 822 3671 deese,
858 3609 962 3665 edient.
988 3627 1043 3681 pro
1068 3609 1183 3664 adverb.
1204 3627 1290 3662 rarus
1310 3623 1371 3660 ven

185 3677 320 3748 frequens
339 3696 393 3748 pro
413 3680 515 3734 Partic.
554 3679 597 3733 cf.
618 3681 681 3735 Ind.
700 3682 755 3735 111.
784 3699 812 3735 v.
832 3683 977 3738 Adiectiua
994 3703 1046 3752 pro
1065 3683 1231 3752 Participiie
1251 3689 1285 3734 et
1304 3699 1359 3750 pro

190 3753 291 3804 uertite
315 3756 431 3821 posita,
461 3750 631 3806 Ratnsborn.
663 3753 763 3807 Gram.
792 3771 821 3825 p.
839 3760 902 3818 ete.
933 3766 962 3810 et
986 3760 1049 3814 668.
1089 3755 1231 3810 Matthiae
1250 3755 1360 3806 Gram.

190 3823 221 3893 β.
241 3827 303 3881 196.
323 3827 385 3880 5521.
418 3827 542 3878 militum
562 3829 593 3878 in
612 3832 726 3896 agmine
744 3831 762 3880 l.
780 3846 816 3879 m.
838 3847 874 3882 ex
893 3829 1004 3882 emend.
1025 3829 1118 3884 Rhen.
1138 3827 1320 3882 substituere
1341 3824 1371 3876 cd

191 3913 237 3950 res
257 3913 316 3950 rec.
337 3904 367 3950 et
392 3897 422 3948 in
446 3895 492 3950 bis
516 3896 636 3953 Walch.
682 3897 739 3952 Sed
767 3903 890 3954 rnilitum
918 3901 1039 3976 lang-oet
1063 3909 1130 3971 post
1156 3903 1280 3952 eeercitu
1310 3906 1343 3951 et
1368 3921 1371 3944 ι

191 3973 304 4040 agmine
323 3969 530 4035 coniunctum,
551 3987 646 4040 neque
665 3979 707 4023 est
727 3973 804 4041 quod
824 3973 981 4043 displiceat
1000 3975 1089 4028 lectio
1105 3981 1178 4027 ¹vett.
1199 3971 1265 4025 edd.
1310 3975 1371 4023 mul

191 4041 426 4110 (adverbialiter)
445 4043 559 4094 laudare
577 4047 607 4096 in
626 4048 739 4114 agmine
756 4047 937 4106 modestiam,
966 4047 1176 4117 disciplinam,
1202 4043 1356 4106 εὐταξίαν,

192 4115 279 4167 litum
300 4113 358 4165 iter
375 4113 547 4167 iacientium
567 4131 622 4169 nec
641 4115 746 4170 ordine
765 4119 990 4194 egredientium.
1011 4138 1037 4172 v.
1059 4119 1094 4172 ad
1113 4119 1149 4171 H.
1171 4121 1201 4184 1,
1221 4120 1268 4180 83,
1292 4121 1323 4173 3.
1367 4141 1371 4166 ι

192 4205 249 4239 cere
267 4187 413 4246 dialectos,
431 4185 590 4256 dispersos,
610 4187 644 4240 ab
663 4189 778 4262 agmine
798 4192 989 4256 discedentes,
1009 4191 1086 4244 illud
1104 4191 1269 4244 deserentes
1293 4189 1371 4259 rapt

191 4258 386 4330 praedendire
406 4275 506 4322 cause;
524 4260 592 4313 Ern-
629 4263 777 4320 „disiectos
802 4283 921 4318 coercere
944 4266 1043 4319 Germ.
1071 4283 1102 4317 er
1120 4266 1192 4317 trieb
1212 4262 1371 4318 Umber-set

184 4329 237 4400 stt·
257 4349 431 4394 mammen,
461 4338 495 4382 ¹¹2
519 4349 563 4402 ep.
591 4332 724 4404 Thucyd.
744 4341 779 4404 7,
798 4341 842 4394 78.
875 4341 947 4405 Eine
972 4335 1046 4412 ὁράη
1064 4338 1256 4408 διεσπασμένον
1279 4343 1371 4404 eata

194 4403 264 4463 τάξει
281 4407 405 4480 χονροῦν,
423 4401 542 4477 ξυνάγων
562 4412 607 4460 καλ
626 4409 774 4475 καθιστάς,
801 4418 829 4463 et
847 4409 919 4466 Sall.
940 4413 1005 4487 lug.
1025 4412 1070 4468 15.
1108 4411 1178 4464 ltem
1201 4411 1232 4462 ἰιι
1257 4413 1371 4480 agreria
