2792 4792
199 217 260 282 122
553 209 729 275 LIBELLI
750 209 809 274 DE
830 207 1067 275 GERMANIA

200 378 341 435 dubitavit
366 375 454 432 etiam
482 376 592 430 Pastor.
619 373 696 428 illud
720 372 750 427 h.
776 375 797 430 1.
822 375 971 448 recipere,
1000 373 1067 444 quia
1092 389 1118 427 or
1144 373 1170 428 5.
1196 371 1252 438 (ast
1267 365 1388 450 nidmu

201 455 270 530 Agr.
289 453 333 510 32.
353 455 408 516 (eat
425 449 535 516 ulcisci)
563 449 591 502 ei
619 447 781 502 infinitivus
804 448 901 500 atatim
929 447 1040 501 additus
1064 447 1109 500 ait.
1147 445 1279 514 ,drapum
1296 443 1389 576 01οἓ

199 533 303 600 gauter
319 522 441 594 ponitur
458 538 524 574 casu
543 521 586 574 rei
605 537 621 574 e
637 520 779 590 proximis
797 520 964 586 intellecto,
982 528 1015 572 ut
1033 535 1077 590 ap.
1098 519 1162 572 Liv.
1181 522 1215 584 1,
1235 520 1279 572 ld.
1298 521 1346 581 33,

200 603 254 664 10,
272 601 299 654 9.
327 596 387 649 Cio.
406 611 434 664 p.
455 595 515 646 Mil.
536 595 579 649 12.
600 591 717 647 Terent.
737 591 812 646 Eun.
831 595 864 659 5,
883 597 919 659 2,
940 593 1001 648 13.”
1031 591 1134 644 Waleb.
1159 589 1272 646 emend.
1300 591 1358 642 Lis.
1368 577 1389 722 p

199 673 261 728 211.
280 669 329 722 Sic
347 676 377 723 et
395 667 426 718 in
445 664 504 719 Cic.
523 683 568 737 ep.
588 663 623 718 ad
641 664 699 718 Ati.
719 669 754 731 1,
774 669 817 722 16.
842 673 908 738 post
926 664 1000 718 med.
1027 667 1150 718 novissi
1168 666 1199 717 ia
1218 667 1276 732 tege
1292 662 1352 722 boc,

217 746 248 796 ui
265 759 362 796 numos
381 743 411 792 ira
430 739 519 792 tribua
536 740 747 808 pronuntiarit,
764 741 793 791 ai
810 757 865 792 ιιοη
884 738 1001 799 dederit,
1021 741 1132 808 impurae
1155 739 1202 790 ait.
1234 735 1346 804 Impum
1361 733 1389 788 vd

199 763 312 870 Ldiect.
324 819 367 868 est
385 811 496 877 (intell.
516 810 566 864 boc
577 811 653 876 aid)
672 811 721 864 vel
739 809 965 880 potiuaAdrerb.
985 817 1052 864 uto.
1063 814 1106 866 37.
1126 825 1166 862 sc.
1185 808 1390 876 occideremini

271 891 297 944 7.
334 885 443 938 Liberti
469 903 524 937 aaa
549 885 667 937 multum
684 899 770 954 supra
787 901 876 938 sarcos
893 891 975 944 aunt,
1007 881 1042 936 iis
1066 881 1244 951 superiores,
1272 887 1306 934 ut
1325 877 1390 950 paui

199 967 264 1034 post
281 973 362 1028 super
380 961 514 1028 ingenuos
531 955 694 1016 meandum,
712 957 742 1010 Ο.
762 959 788 1012 7.
806 975 891 1026 supro
908 957 1066 1010 consulatus
1083 954 1222 1008 masadan
1239 959 1269 1007 et
1285 959 1390 1006 nostru

201 1033 268 1088 uber
289 1030 410 1084 demand
429 1028 638 1100 binmsateigere
662 1037 692 1081 et
719 1036 811 1082 contr.
836 1033 904 1082 weit
930 1035 1012 1082 anter
1035 1029 1094 1082 tina
1110 1027 1210 1082 areta.
1246 1026 1290 1080 De
1308 1019 1390 1077 liberti

201 1105 301 1160 Germ.
318 1121 346 1156 v.
366 1103 403 1155 ad
420 1117 444 1154 c.
465 1105 509 1156 11.
529 1119 556 1154 n.
577 1105 602 1156 1.
622 1100 789 1155 etGebauer
806 1117 834 1172 p.
853 1103 1018 1157 1211-161.
1056 1101 1099 1154 De
1117 1099 1337 1152 manumissione
1354 1111 1390 1148 sar

200 1193 304 1232 vorum
321 1183 381 1228 tam
399 1174 475 1244 apud
492 1174 632 1227 Romanos
658 1191 713 1244 per
735 1189 852 1227 censum
877 1174 1042 1238 lustralem,
1068 1171 1243 1238 vindictam,
1262 1179 1391 1240 testamur

200 1257 279 1313 tum,
300 1247 467 1319 epistolem,
486 1263 629 1312 mensam,
649 1246 760 1298 tabulas
779 1246 810 1298 in
830 1247 951 1300 ecclesia
971 1246 1119 1312 recitatas,
1146 1244 1273 1297 edictum
1292 1245 1391 1312 lmp.i

201 1323 279 1376 inter
304 1321 427 1386 amicos,
454 1335 540 1388 quam
566 1317 643 1390 apud
667 1319 842 1386 Germanos,
871 1320 972 1372 saltem
999 1319 1115 1372 serioris
1140 1317 1219 1384 aevi,
1245 1324 1274 1370 et
1302 1315 1391 1385 quidet

200 1395 277 1466 apud
295 1393 439 1457 Francos,
463 1391 512 1444 rel
536 1390 693 1444 secundum
716 1391 811 1466 legem
830 1385 969 1458 salicara,
997 1391 1073 1444 iacto
1097 1398 1163 1444 ante
1250 1407 1281 1444 m
1300 1383 1391 1442 denari

201 1475 251 1520 aut
270 1483 285 1519 e
303 1465 435 1518 manibus
454 1479 605 1517 servorum
623 1480 755 1530 excusso,
783 1465 874 1529 (unde
896 1461 928 1515 hi
945 1465 1110 1517 Deuariules
1129 1463 1201 1516 dicti
1232 1479 1276 1535 eg.
1296 1461 1391 1515 sate

201 1541 258 1612 leg.
278 1538 342 1608 Rip.
362 1539 421 1604 57.)
440 1537 490 1590 rel
507 1553 563 1590 sec.
583 1536 679 1611 legem
698 1535 875 1604 Romanam,
903 1536 1005 1590 libello
1024 1537 1055 1588 in
1074 1535 1193 1590 ecclesia
1211 1534 1319 1587 tradito
1338 1531 1391 1584 tabe

201 1613 296 1680 iisque
316 1609 349 1662 ab
368 1608 570 1662 archidiacono
589 1608 720 1678 scriptis,
750 1609 839 1674 (unde
857 1609 956 1663 liberti
981 1609 1119 1662 tabularii
1135 1627 1156 1662 s.
1175 1607 1344 1660 chartularii
1361 1605 1392 1732 lep

200 1685 266 1755 Rip.
286 1685 345 1748 58.)
365 1689 413 1734 aut
430 1699 484 1752 par
502 1679 631 1734 chartam
650 1688 680 1734 et
697 1682 866 1752 epistolam,
897 1699 951 1736 nec
975 1697 1034 1736 non
1052 1681 1150 1734 invitis
1169 1677 1313 1746 dominis,
1342 1677 1376 1730 de

100 1789 106 1812 ι
201 1757 280 1811 tione
299 1755 431 1808 criminis
450 1762 478 1808 et
497 1754 598 1808 delicti
617 1769 718 1808 eorum
736 1755 767 1808 in
786 1771 815 1809 se
834 1755 994 1822 commissi,
1020 1755 1071 1808 vel
1090 1755 1114 1806 si
1133 1751 1245 1807 ludaeis
1262 1751 1295 1803 bi
1315 1749 1392 1804 vendi

201 1837 321 1894 rentur,
342 1833 371 1881 et
389 1828 453 1880 iure
475 1827 701 1897 redemptionis3
730 1827 806 1898 apud
824 1826 932 1902 Anglos
952 1835 980 1882 et
998 1825 1200 1902 Langobardos
1218 1825 1249 1876 iu
1268 1823 1392 1877 comitati

201 1901 304 1966 rnallo,
324 1898 489 1965 hundredo,
508 1907 653 1964 mercato,
672 1915 727 1968 per
746 1901 856 1971 impans
875 1919 896 1952 s.
915 1909 1016 1954 votum
1036 1899 1132 1972 regis,
1152 1915 1207 1968 per
1224 1914 1315 1960 anna,
1335 1913 1392 1965 qua

200 1983 261 2027 tam
280 1989 396 2026 manum
415 1979 470 2026 cet.
496 1989 522 2024 v.
543 1969 688 2024 Dithmar.
708 1971 743 2024 ad
761 1970 789 2024 h.
810 1974 830 2026 1.
861 1973 976 2048 Pignor.
995 1973 1027 2024 in
1044 1979 1112 2025 nota
1129 1973 1155 2027 2
1175 1969 1252 2023 laud.
1272 1969 1393 2054 Pottgiea

200 2051 232 2114 3,
251 2048 295 2102 20.
315 2043 447 2097 Gebauer
464 2060 493 2112 p.
512 2047 566 2100 138
577 2059 634 2112 seq.
655 2043 779 2098 etOrell.
799 2045 881 2100 ouius
898 2055 965 2100 nota
984 2053 1042 2099 est:
1061 2043 1124 2111 „De
1141 2043 1202 2095 ritu
1219 2041 1393 2094 manumissi

201 2120 246 2172 nis
265 2115 383 2170 consule
401 2114 535 2170 Rotbaris
553 2117 632 2190 leges
650 2114 810 2187 §.mseq
848 2117 871 2170 A
893 2117 931 2171 ud
950 2116 1152 2194 Langobardos
1170 2115 1347 2168 libertorum
1366 2121 1393 2164 tr

223 2207 308 2244 enera
326 2179 425 2254 orarit,
445 2188 549 2242 amend
563 2189 624 2241 sire
644 2191 843 2252 wiederborsn,
861 2135 988 2260 ,1111ηαὶ
1004 2197 1032 2244 01
1051 2189 1124 2242 aldis·
1140 2207 1162 2242 s.
1180 2189 1322 2248 aldiones,
1348 2203 1393 2238 un

201 2211 282 2333 ilisp.
302 2261 395 2323 aldea,
414 2261 504 2313 ricus.
541 2261 680 2314 Patronus
698 2270 822 2332 propter
838 2265 1002 2336 graviorem
1029 2261 1216 2316 offensionem
1234 2260 1378 2313 libertum

202 2336 371 2391 servitutem
390 2349 527 2388 revocare
545 2339 659 2404 poterat
679 2351 714 2388 ex
735 2335 800 2411 lage
819 2335 967 2410 Burgund.
988 2336 1066 2389 0.1.”
1104 2333 1213 2388 Liberti
1229 2351 1286 2386 nou
1306 2335 1393 2384 multa

201 2425 286 2479 supro
313 2425 402 2462 samoe
429 2414 509 2460 aunt:
545 2405 642 2476 „apud
669 2405 809 2462 Romanoa
837 2408 931 2463 aliter.
957 2407 1031 2460 Ann.
1053 2411 1105 2475 11,
1123 2410 1168 2464 65.
1188 2405 1268 2460 Suet.
1288 2397 1394 2462 Ner-i

204 2481 639 2550 Pliu.pan.88,1.v.tamen
667 2479 726 2534 (iic.
747 2480 782 2533 ad
801 2480 852 2547 Qu.
870 2483 907 2535 ir.
928 2486 961 2547 1,
988 2485 1023 2546 1,
1042 2481 1087 2534 13*
1104 2479 1193 2552 laag.
1230 2477 1318 2549 Apud
1337 2477 1394 2529 Fra

203 2572 250 2608 cos
270 2562 350 2607 certe
368 2551 499 2605 libertini
518 2567 583 2605 raro
603 2552 707 2606 iustam
727 2553 894 2608 libertatem
913 2554 1166 2630 ingenuorumque
1191 2551 1256 2604 iura
1274 2565 1394 2604 consecr

203 2634 270 2682 sunt
289 2635 318 2679 et
336 2643 430 2695 neque
448 2625 592 2678 irnruunes
610 2626 692 2680 tuere
711 2625 745 2682 ab
759 2643 853 2681 annuo
872 2643 960 2681 censu
980 2625 1133 2697 operisque
1151 2623 1278 2690 rusticis,
1301 2629 1393 2692 patro

202 2699 396 2772 praestandis,
425 2715 519 2766 newa
541 2696 732 2752 hereditatem
756 2699 837 2754 adire
862 2708 910 2752 aut
935 2697 1132 2754 testimonium
1162 2703 1263 2750 contra
1282 2695 1394 2768 ingena

203 2773 300 2826 dicere
318 2777 485 2842 potuerunt.
504 2787 533 2823 v.
553 2770 700 2856 Pottgiess.
720 2775 756 2837 3,
784 2774 828 2828 20.
862 2771 996 2826 Gebauer
1014 2789 1041 2842 p.
1061 2773 1122 2826 126.
1144 2771 1366 2825 01136-111.
1390 2787 1394 2820 ι

203 2845 384 2923 epicabatur,
412 2843 530 2896 libertos
549 2849 578 2896 et
596 2843 714 2896 cavitate
733 2843 919 2911 Gemanica,
948 2853 991 2912 et,
1017 2859 1106 2912 aeque
1124 2857 1158 2894 ao
1176 2841 1253 2894 lilios
1271 2841 1393 2916 ing-unu

204 2919 278 2986 (cap.
299 2919 357 2979 13.)
376 2921 457 2968 scuto
474 2915 653 2983 frasneaquc,
680 2933 735 2968 nec
758 2923 854 2971 tamen
879 2918 909 2969 in
929 2915 1061 2972 conciliis
1080 2915 1226 2989 gentium,
1253 2913 1362 2966 sedin
1383 2931 1394 2984 ι

242 3007 305 3040 rum
332 2986 521 3041 conventibus
550 2987 638 3040 fuisse
671 2986 797 3042 donatos.
836 2990 943 3043 Verum
969 2995 1063 3042 autem
1089 2987 1259 3052 discrimen,
1287 2987 1377 3055 quod

233 3059 359 3114 annania
377 3059 433 3110 fuit
452 3059 530 3111 inter
547 3075 644 3112 servos
664 3067 693 3112 et
711 3059 876 3128 libertinos,
905 3063 987 3116 nobis
1008 3060 1086 3114 haud
1104 3059 1240 3114 innotuit.-
1278 3058 1325 3112 Gi.
1351 3059 1394 3112 ad

204 3139 247 3190 11.
265 3151 302 3261 und
323 3137 357 3260 13
384 3131 527 3218 Εἰψίιιι·
554 3147 706 3202 reposuere
730 3133 801 3186 Era.
830 3143 860 3188 et
885 3135 963 3188 Brot.
989 3149 1044 3206 pro
1063 3135 1168 3187 liberti.
1204 3131 1259 3188 8ed
1286 3149 1314 3183 v.
1340 3133 1385 3184 ad

205 3213 239 3273 Ῑι
306 3243 314 3271 ι
358 3241 364 3254 ·

275 3281 302 3335 8.
341 3294 406 3330 raro
430 3277 544 3346 aliquod
567 3283 735 3329 momentum
761 3279 802 3343 (v.
827 3278 863 3332 ad
881 3279 916 3331 H.
937 3285 971 3346 1,
1001 3279 1054 3346 59,
1078 3280 1120 3344 2.)
1140 3281 1170 3330 iu
1191 3277 1269 3330 hmo
1287 3285 1394 3346 patro:

205 3369 262 3406 non
280 3351 346 3403 leve
364 3356 463 3402 contra
481 3349 605 3418 Romae,
631 3349 680 3402 ubi
703 3353 820 3420 patroni
847 3351 1037 3406 succedebant
1055 3351 1085 3402 in
1104 3349 1177 3403 bona
1196 3349 1388 3403 libertorum

205 3426 337 3478 intestato
356 3428 539 3474 mortuorum
559 3427 588 3474 et
606 3421 705 3474 liberti
724 3423 760 3475 iis
779 3423 949 3492 obsequium
970 3439 1129 3496 operasque
1141 3421 1258 3476 fabriles
1273 3421 1394 3475 debeba

204 3515 258 3551 nec
281 3513 339 3550 non
363 3493 468 3548 horum
494 3509 577 3564 saepe
599 3502 709 3548 tutores
737 3503 820 3548 ararat
847 3504 876 3549 et
898 3503 1085 3566 patronarum
1105 3493 1219 3560 mariti,
1247 3501 1282 3546 ut
1302 3493 1394 3548 liber

204 3577 395 3642 patronorum
419 3582 531 3620 uxores.
571 3567 614 3620 lta
642 3567 774 3622 Gebauer
792 3585 820 3638 p.
841 3571 1015 3626 127-136.
1040 3569 1089 3637 qui
1114 3568 1199 3622 etiarn
1218 3565 1394 3635 suspiciebat

205 3643 374 3695 libertinum
392 3639 528 3709 probatae
546 3637 615 3693 fidei
631 3639 661 3690 in
680 3640 836 3694 Germania
854 3642 1012 3695 iuventutis
1031 3655 1237 3708 nonnunquam
1257 3637 1394 3694 moder-a

205 3733 283 3780 rem,
309 3719 481 3766 venatorum
506 3711 669 3782 principem
697 3719 726 3766 et
744 3713 855 3767 stabulo
883 3713 1077 3784 reditibusque
1095 3711 1213 3784 patroni
1240 3712 1394 3781 praefeci

205 3787 299 3840 misse.
337 3783 380 3838 01.
401 3791 467 3838 nota
485 3788 511 3840 9.
548 3786 659 3856 aliquid
675 3790 809 3839 momenti
826 3803 851 3838 c.
870 3785 980 3840 Arund.

275 3861 302 3914 9.
341 3873 480 3928 nunquam
499 3860 530 3910 in
548 3859 680 3918 ciuitate,
708 3859 789 3911 cuius
809 3859 897 3912 etiam
917 3860 992 3912 salus
1011 3858 1045 3911 iis
1065 3857 1233 3928 neutiquam
1252 3871 1354 3910 curae
1381 3877 1394 3911 c

207 3933 293 4000 dique
312 3937 365 3984 est:
393 3937 422 3980 at
446 3929 603 3982 maximum
632 3929 754 3995 Romae,
778 3931 934 4002 praecipue
956 3929 1134 4000 temporibus
1158 3931 1394 3998 Imperatorum

207 4003 311 4074 quibus
338 4000 470 4072 superbia
496 4001 653 4054 nobilitatis
676 4003 717 4055 ita
744 4001 966 4074 deprimebatur.
1005 4003 1048 4057 Ci.
1075 4003 1148 4055 Ann-
1173 4005 1223 4069 11,
1245 4004 1292 4057 29.
1320 4007 1386 4060 33.

208 4080 257 4144 12,
276 4081 302 4130 1.
321 4075 364 4129 51.
377 4077 436 4136 -13,
456 4079 480 4128 1.
500 4075 526 4129 2
545 4077 588 4130 28.
607 4078 651 4130 89.
670 4078 714 4131 17.
734 4079 785 4142 11,
803 4081 831 4133 3.
850 4081 875 4133 8.
897 4076 1073 4140 89.15,15.
1094 4075 1261 4142 16,23.11.
1282 4077 1319 4138 1,
1348 4081 1389 4133 7.

205 4153 250 4205 27.
270 4152 314 4207 87.
334 4149 378 4202 16.
399 4149 442 4202 18.
461 4150 495 4214 2,
514 4145 557 4203 57.
576 4149 621 4204 95.
640 4151 674 4213 1,
695 4151 737 4202 11.
774 4147 851 4203 Suet.
872 4149 972 4202 Claud.
991 4151 1035 4206 28.
1065 4146 1192 4201 lurensi.
1212 4152 1246 4214 1,
1270 4151 1379 4202 99-

207 4221 730 4286 Plin.31‚2·33‚10,47·36‚7‚
751 4223 888 4276 flumin.
909 4238 953 4292 ΕΡ.
972 4223 1008 4288 6,
1027 4225 1072 4278 3¹·
1091 4225 1128 4287 ⁷,
1146 4221 1191 4275 ²⁹·
1210 4223 1245 4286 8,
1264 4223 1292 4275 6·
1314 4224 1391 4288 ¹⁰,

208 4297 251 4350 15.
273 4297 316 4350 18.
336 4296 380 4350 86.
400 4295 445 4349 87.
464 4295 508 4348 88.
531 4293 608 4364 inpr.
628 4309 693 4364 pau.
713 4297 757 4349 88.
777 4295 851 4348 Plut.
873 4296 903 4360 1,
928 4296 990 4350 862.
1012 4297 1090 4350 1068.
1112 4295 1191 4349 1961.
1209 4293 1254 4360 11,
1282 4295 1368 4349 810.

207 4371 268 4425 952.
290 4365 355 4422 Seu.
376 4383 421 4437 ep.
441 4367 485 4423 27.
509 4368 552 4423 86.
580 4363 695 4438 loseph.
717 4365 794 4422 Α..1.
815 4371 866 4434 19,
887 4372 912 4422 1.
932 4371 980 4434 21,
1000 4369 1026 4424 7.
1065 4366 1389 4437 6010050117-
