2904 4802
195 233 257 300 css
502 231 725 298 DIALOGUS
747 234 806 296 DE
828 229 1115 296 ORATORIBUS.

197 405 292 456 varlas
312 417 355 454 res
375 419 391 454 e
410 415 486 454 corr.
506 401 568 454 i’ut.
585 405 589 414 '
605 407 649 452 tot
673 405 726 451 out
743 397 849 452 recond.
868 406 928 452 tam
946 403 1039 453 ramas
1058 379 1102 454 ed.
1121 415 1166 470 pr.
1203 417 1237 451 ac
1255 403 1313 450 toan
1330 402 1425 451 umiae

199 473 281 526 dedit
304 474 409 526 ileum.
428 501 465 512 —
496 475 556 526 nisi
579 482 609 527 ut
634 476 766 526 edentiae
789 471 936 525 meditatio
950 473 1112 526 —accedat
1137 487 1237 526 omnes
1268 469 1332 524 edd.
1359 479 1424 522 ante

198 547 301 599 ileum.
338 544 416 612 „Sed
441 545 550 598 frustra
576 549 633 600 reici
657 553 690 598 ot
718 543 791 598 locis
816 544 895 612 Plin,
922 561 967 614 ep.
987 547 1024 608 2,
1044 550 1087 599 11.
1116 544 1241 613 aliisque
1268 541 1423 596 defendere

200 625 318 672 conatus
338 626 380 672 est
397 617 560 688 Wopkens.
581 619 651 672 obss.
672 617 754 670 misc.
773 619 808 682 7,
826 621 853 672 3.
873 633 902 687 p.
922 621 984 673 403.
1004 617 1212 671 Desiderautur
1230 615 1307 669 enim
1327 633 1423 668 exem-

199 691 267 760 pla,
303 690 407 761 quibus
432 690 464 742 in
492 690 585 746 altero
610 689 742 744 rnembro
769 697 835 758 post
863 693 921 742 nisi
947 697 980 742 ut
1009 706 1118 743 novum
1146 689 1306 741 subiectum
1333 688 1423 740 infer-

199 771 256 816 tur.
314 763 465 833 Scriptum
490 763 563 816 olim
589 763 707 816 ridetur
731 763 848 815 ntsboul
874 769 904 816 et
930 763 988 836 leg.
1016 767 1074 816 alsi
1091 761 1204 815 simul.”
1226 761 1270 814 Oe.
1315 765 1375 813 nist
1401 769 1425 812 et

199 835 276 888 coni.
300 835 385 889 Hoet.
411 843 440 888 et
466 839 524 889 nisi
550 835 598 889 ubi
614 833 691 889 Orel.
714 842 748 886 ut
766 851 837 888 vero
856 851 1023 904 expunxere
1042 836 1147 888 ileum.
1167 833 1235 888 sch.
1255 833 1305 885 Dr.
1343 833 1425 886 Medi-

198 913 273 961 totio
291 907 322 960 h.
342 909 363 960 l.
383 908 575 977 praeparatio.
614 909 658 961 Ita
682 907 829 959 meditatio
857 906 919 960 Cic.
948 907 1024 960 Phil.
1043 910 1080 974 θ,
1102 913 1126 962 1.
1151 913 1180 960 et
1205 907 1340 958 meditari
1367 905 1423 958 Cic.

200 980 287 1033 Catil.
309 985 340 1046 1,
361 985 403 1036 10.
423 997 466 1034 or.
486 985 518 1046 1,
538 984 581 1037 32.
601 983 645 1036 ot.
665 979 701 1032 ad
720 979 778 1032 div.
798 983 831 1043 2,
850 983 876 1036 2.
897 979 930 1046 5,
949 984 977 1037 2.
998 980 1079 1055 Virg.
1099 980 1170 1032 Aen.
1192 983 1241 1044 1⁰,
1261 980 1323 1032 455.
1355 995 1423 1046 quae

200 1053 265 1105 loca
284 1051 342 1104 iam
363 1051 492 1105 laudavit
510 1051 581 1106 Ern.
602 1054 677 1107 clav.
699 1051 759 1104 cic.
798 1052 848 1105 sic
867 1049 1051 1104 declamandi
1070 1052 1212 1117 studium,
1233 1067 1291 1120 quo
1310 1051 1423 1101 futurus

199 1131 299 1177 orator
317 1124 353 1177 ad
371 1141 453 1177 roras
472 1141 570 1178 causas
588 1125 757 1195 praeparari
787 1124 898 1177 solebat
921 1123 980 1178 hoc
1002 1141 1093 1190 aevo,
1130 1123 1252 1190 Quintil.
1273 1125 1423 1188 2,1o,2.

199 1197 309 1250 dicendi
333 1196 482 1249 meditatio
508 1197 636 1262 dicitur;
667 1197 773 1249 Sedulo.
792 1225 828 1236 -
858 1194 1001 1263 facultati
1026 1201 1069 1250 vie
1100 1199 1272 1267 eloquentiae
1299 1195 1425 1247 accedat:

199 1269 392 1335 „concinnius
411 1269 564 1338 aptiusque
584 1277 627 1323 est
645 1287 711 1322 osus
730 1271 912 1340 eloquentiae,
931 1269 1010 1338 quod
1027 1269 1153 1323 coniecit
1169 1267 1252 1321 Acid.
1273 1275 1363 1336 atque
1382 1283 1424 1319 rs·

200 1347 341 1408 ceperunt
359 1340 461 1392 Heum.
482 1347 511 1392 et
529 1339 615 1393 Sch.''
632 1341 685 1391 Dr.
707 1341 750 1393 Gi.
773 1348 840 1392 nota
858 1342 883 1395 2.

271 1413 297 1463 t.
335 1413 417 1480 longe
440 1415 615 1480 paratiorem
639 1411 702 1464 edd.
729 1411 809 1480 Lips.
838 1420 867 1462 et
886 1427 945 1464 rec.
967 1426 982 1462 e
1001 1426 1026 1462 c.
1047 1412 1135 1464 Farn.
1156 1429 1184 1466 v.
1204 1411 1240 1464 ad
1259 1429 1283 1463 c.
1306 1415 1331 1463 1.
1352 1427 1380 1460 n.
1399 1416 1421 1464 3.

200 1483 219 1532 l.
238 1489 372 1550 paratum
391 1481 454 1535 edd.
473 1490 532 1536 vet.
551 1511 587 1523 -
616 1501 687 1570 quae
710 1487 845 1554 propriae
869 1485 945 1534 cirea
962 1487 1119 1536 oratoriam
1137 1485 1266 1535 uidentur
1284 1481 1351 1534 edd.
1373 1490 1423 1534 ret.

199 1553 255 1604 nisi
279 1554 357 1622 quod
380 1559 536 1608 amomum
554 1563 597 1609 est
616 1574 649 1607 m
668 1554 712 1608 ed.
732 1572 777 1624 pr.
814 1559 949 1624 propriae
972 1573 1026 1608 esse
1051 1562 1195 1607 oratorum
1221 1553 1296 1606 coni.
1330 1554 1423 1627 Agric.

198 1629 330 1694 propriae
349 1635 493 1679 oratorum
512 1629 557 1692 (ut
576 1645 590 1680 a
613 1667 619 1680 .
641 1627 701 1680 cic.
722 1625 801 1678 Brut.
820 1625 851 1696 ὃ.
864 1631 909 1684 82.
921 1627 996 1694 323.)
1021 1627 1100 1680 brot.
1139 1643 1207 1698 quoe
1222 1629 1337 1696 proprie
1355 1632 1424 1679 drea

200 1702 354 1752 oratoriam
372 1707 519 1753 versantur
537 1643 614 1753 orel.
652 1704 782 1770 propriae
801 1704 874 1753 circo
888 1704 1020 1754 oratorio
1033 1699 1111 1770 Lips.
1127 1701 1197 1770 quia
1215 1702 1305 1751 cirrus
1322 1699 1425 1820 puqms

202 1777 230 1822 et
258 1771 408 1824 exercitiis
436 1771 602 1826 destinatus.
637 1791 682 1842 pr.
711 1777 783 1824 circo
808 1781 953 1824 oratorum
982 1771 1025 1825 ed.
1052 1773 1155 1826 Heum.
1186 1789 1201 1825 e
1229 1771 1307 1823 coni.
1334 1770 1370 1824 Sc
1391 1771 1422 1824 el.

196 1845 269 1912 'quoe
285 1848 418 1912 propriae
436 1861 516 1896 curae
535 1853 679 1898 oratorum
697 1844 826 1897 ridentur
844 1845 925 1897 Era.
956 1845 1043 1912 idque
1072 1850 1250 1914 receperunt
1277 1843 1342 1913 Bip.
1361 1841 1422 1896 Scb.

201 1913 250 1970 ob.
269 1913 357 1969 Bekk.
379 1917 452 1970 bun.
475 1917 525 1968 Dr.

640 2097 832 2153 CAPUT
869 2097 991 2150 XXXIV.

286 2206 373 2294 Ergo
397 2207 486 2292 apud
507 2211 649 2270 nlaiores
670 2220 802 2272 nostros
824 2211 955 2272 iuvenis
978 2209 1042 2278 ille,
1066 2210 1124 2289 qui
1141 2211 1214 2268 foro
1231 2218 1264 2268 et
1278 2209 1425 2290 eloquen-

202 2291 267 2351 tiae
289 2292 487 2372 parabatur,
521 2291 670 2353 imbutus
691 2295 758 2353 iam
779 2290 959 2354 domestica
981 2290 1173 2374 discipline,
1206 2294 1352 2353 refertus
1373 2292 1425 2351 ho·

202 2375 304 2435 nestis
333 2372 471 2454 studiis,
507 2373 736 2438 'deducebatur
764 2396 783 2438 a
810 2385 906 2460 patre
938 2375 992 2437 rel
1021 2394 1041 2434 a
1071 2375 1270 2458 propinquis
1292 2373 1423 2437 adeum

201 2455 389 2538 oratorem,
428 2458 486 2541 qui
512 2459 698 2541 principem
727 2459 837 2522 locum
858 2459 894 2519 in
916 2459 1052 2520 civitate
1073 2457 1213 2520 tenebat.
1259 2455 1361 2520 Hunc
1382 2478 1424 2518 se-

203 2542 304 2612 ctari,
338 2541 429 2602 bunc
449 2541 625 2624 prosequi,
659 2542 935 2622 buiusvomnibus'
957 2539 1157 2603 dictionibus
1178 2543 1341 2604 interesse
1362 2543 1424 2602 sive

203 2624 239 2682 in
260 2621 395 2696 iudiciis
417 2627 488 2688 sive
509 2627 545 2686 in
567 2627 780 2688 concionibus
801 2623 1025 2702 assuescebat,
1059 2627 1107 2686 ita
1137 2633 1176 2686 ut
1202 2626 1424 2694 altercationes

204 2725 336 2789 quoque
357 2709 511 2791 excipere
533 2715 566 2769 et
593 2711 713 2794 iurgiis
741 2711 924 2786 interesse,
963 2717 1067 2790 utque
1095 2710 1143 2768 sic
1173 2706 1338 2787 dixerim,
1369 2729 1424 2790 pu·

204 2809 306 2874 gnare
327 2792 362 2850 in
383 2793 511 2874 proelio
534 2789 686 2854 disceret.
730 2789 877 2878 Magnus
899 2811 938 2851 ex
960 2792 1023 2852 boc
1044 2811 1146 2868 usus,
1184 2792 1327 2853 multum
1355 2811 1425 2854 coo-

204 2874 362 2952 stantiae,
385 2875 567 2956 plurimum
588 2874 706 2936 iudicii
727 2875 905 2938 iuvenibus
927 2877 1039 2935 statim
1061 2875 1287 2960 contingebat,
1310 2877 1343 2936 in
1365 2895 1425 2935 me·

117 3017 121 3032 ,
205 2954 260 3015 dia
280 2957 353 3018 luce
375 2955 584 3019 studentibus
605 2965 703 3040 atque
725 2960 814 3020 inter
834 2962 907 3040 ipsa
929 2955 1142 3038 discrimina,
1171 2958 1230 3020 ubi
1251 2977 1347 3020 nemo
1369 2961 1424 3018 im-

204 3059 294 3121 pune
315 3041 415 3102 stulte
436 3037 563 3122 aliquid
583 3049 642 3102 aut
662 3043 830 3104 contrarie
852 3039 950 3119 dicit,
1006 3061 1049 3104 uo
1071 3043 1181 3102 minus
1203 3049 1237 3103 et
1257 3040 1357 3106 iudex
1378 3062 1425 3102 re-

205 3131 317 3202 spuat,
354 3131 387 3184 et
415 3121 628 3186 adversarius
659 3125 856 3206 exprobret,
890 3128 956 3207 ipsi
984 3063 1127 3207 denique
1147 3121 1299 3186 advocati
1322 3146 1425 3208 asper-

204 3213 338 3267 nentur.
381 3205 489 3291 Igitur
513 3227 594 3269 vera
621 3209 733 3268 statim
763 3217 797 3269 et
817 3210 1012 3290 incorrupta
1032 3209 1220 3290 eloquentis
1241 3207 1425 3270 imbueban-

204 3297 264 3350 tur
286 3297 334 3368 et,
356 3309 543 3372 quanquam
565 3311 669 3352 unum
692 3299 927 3373 sequerentur,
949 3299 1059 3353 tamen
1076 3311 1190 3352 omnes
1211 3289 1358 3354 eiusdem
1377 3313 1425 3354 ae-

204 3373 282 3433 tatis
304 3381 462 3455 patronos
484 3375 519 3434 in
540 3375 692 3458 plurimis
714 3384 747 3438 et
767 3378 875 3437 causis
896 3383 929 3436 et
945 3373 1078 3436 iudiciis
1096 3376 1352 3462 cognoscebant,
1374 3377 1423 3436 ha-

204 3455 390 3540 bebantque
424 3459 530 3539 ipsius
569 3459 683 3540 populi
712 3455 1014 3520 diversissimarum
1042 3460 1174 3520 aurium
1204 3461 1351 3543 copiam,
1390 3479 1422 3519 es

206 3559 270 3620 qua
292 3543 387 3602 facile
408 3537 448 3604 de
472 3539 711 3620 rebenderent,
747 3539 828 3623 quid
856 3543 890 3602 iu
919 3561 1051 3626 quoque
1083 3543 1135 3604 rel
1159 3545 1358 3626 probaretur
1377 3543 1422 3604 rel

206 3621 403 3704 displiceret.
447 3562 498 3686 lta
518 3645 579 3686 nec
601 3635 798 3707 praeceptor
819 3621 948 3704 deerat,
986 3625 1132 3708 optimus
1162 3625 1294 3708 quidem
1316 3635 1348 3687 et
1368 3627 1424 3686 ele·

206 3708 392 3785 ctissimus,
434 3710 492 3790 qui
522 3709 638 3770 faciem
668 3709 889 3790 eloquentiae,
930 3729 996 3770 non
1025 3711 1201 3794 imaginem
1235 3717 1421 3793 praestaret,

207 3809 267 3850 nec
288 3788 473 3853 adversarii
494 3799 529 3853 et
548 3793 691 3870 aemuli,
720 3795 832 3870 ferro,
863 3811 929 3854 non
959 3791 1099 3853 rudibus
1129 3791 1338 3868 dimicantes,
1372 3790 1422 3853 sed

207 3869 412 3934 auditorium
434 3895 564 3958 semper
585 3875 736 3956 plenum,
774 3895 904 3958 semper
932 3893 1074 3948 novum,
1114 3896 1153 3938 ex
1181 3876 1304 3941 invidis
1332 3885 1363 3938 et
1382 3879 1423 3936 ia-

206 3957 379 4035 ventibus,
409 3967 447 4019 ut
467 3977 528 4020 nec
549 3959 632 4019 bene
654 3957 742 4020 dicta
764 3956 1063 4020 dissimularentur.
1106 3957 1206 4022 Scitis
1228 3963 1334 4038 enim,
1363 3977 1423 4018 ma-

206 4059 304 4126 gnam
325 4041 414 4102 illam
436 4049 469 4103 et
490 4039 685 4103 duraturam
706 4044 911 4124 eloquentiae
941 4045 1060 4104 famam
1087 4063 1154 4105 non
1180 4047 1289 4106 minus
1316 4047 1351 4104 in
1380 4039 1423 4101 di·

206 4125 314 4185 rersis
336 4125 498 4187 subselliis
520 4127 632 4207 parari
662 4145 760 4210 quam
787 4127 873 4196 suis,
904 4127 986 4208 quin
1008 4129 1110 4188 immo
1132 4129 1336 4190 constantius
1357 4145 1423 4186 sur-

206 4225 286 4292 gere
305 4207 364 4286 ibi,
386 4205 519 4270 fidelius
532 4209 755 4271 corroborari.
798 4208 907 4292 Atque
926 4209 1061 4272 hercule
1078 4209 1139 4274 sub
1155 4209 1315 4274 eiusmodi
1336 4227 1422 4293 prae-

207 4291 415 4373 captionibus
437 4293 568 4354 iuvenis
589 4291 664 4362 illc,
705 4289 747 4355 de
774 4312 841 4374 quo
869 4293 1054 4375 loquimur,
1093 4305 1266 4358 oratorum
1287 4293 1423 4374 discipu-

207 4373 278 4454 lus,
310 4377 375 4436 lori
398 4373 553 4452 auditor,
584 4384 726 4437 sectator
747 4375 971 4466 iudiciorum,
1004 4376 1156 4441 eruditus
1179 4388 1211 4442 et
1232 4381 1423 4442 assuefactus
