2868 4798
8 1190 10 1268 l

505 199 646 266 CAPUT
667 201 774 266 XLV.
1194 211 1252 272 197

46 377 131 429 tnnc,
149 368 228 438 (cap.
250 371 277 424 7.
297 376 325 422 et
343 368 379 420 ll.
398 371 430 432 4,
449 368 506 434 22.)
532 367 635 436 quibus
661 369 769 422 muniti
790 369 949 426 sacerdotes
968 373 1067 426 Matris
1086 371 1178 426 Deum
1197 369 1250 426 ho-

45 443 134 494 allitus
150 441 278 510 proeliis
295 449 358 492 tuto
377 439 602 494 intervenissent
618 457 778 510 pacemque
797 449 826 494 et
839 444 966 510 quietem
987 443 1137 498 suasissent
1152 445 1251 520 digla-

44 515 161 566 liantibas
180 515 350 566 communis
368 512 502 565 utilitatis
520 529 613 566 causa.
660 511 843 588 Suffragator-
861 516 888 568 ei
908 517 1068 582 Passovius,
1097 517 1153 568 nisi
1172 517 1250 586 quod

44 590 222 640 universamm
243 583 558 650 tantumsohortium,
578 600 637 636 non
656 584 843 657 singulorum
862 589 989 640 militum
1007 588 1079 642 haec
1098 589 1185 641 fuisse
1206 591 1249 640 in·

43 659 116 734 signia
133 659 304 711 arbitratur.
341 657 398 712 set
416 657 550 710 amuletis
570 657 707 726 quidem,
727 657 831 731 figuris
850 677 886 712 ex
904 661 1034 729 metallo,
1055 662 1136 736 ligno
1156 661 1249 713 aliave

43 731 141 782 suteris
161 729 324 796 confectis,
350 732 587 798 asuperssistosis
605 727 769 783 hominibus
795 733 966 802 populisque
986 741 1066 796 tanta
1086 734 1129 786 vis
1148 741 1251 786 contra

43 805 144 856 vulnera
161 802 259 854 tribui
276 809 407 872 poteret,
434 809 467 853 ut
488 819 540 871 pro
566 805 655 854 armis
674 805 801 873 omnique
825 813 874 856 aut
893 809 1018 860 omnium
1037 808 1125 858 tutela
1144 823 1202 858 esse
1222 813 1251 858 et

42 893 140 928 mm
157 876 225 930 deae
245 877 376 928 cultorem
394 877 481 926 ctiam
501 877 578 926 inter
594 873 684 928 hostes
699 883 843 944 praestare
862 877 1072 944 crederentur,
1102 895 1160 932 non
1179 894 1249 930 vero

43 949 110 1024 signis
128 947 325 1012 militaribus,
347 945 424 1014 quod
443 947 499 998 iam
520 947 788 1002 animadverterunt
807 947 898 1003 Dilth.
919 959 947 1004 et
966 951 1046 1004 lless.
1071 950 1113 1003 Cf.
1133 949 1168 1001 ad
1186 966 1248 1018 cap.

44 1025 59 1074 t.
74 1039 96 1071 n.
113 1025 138 1075 3
157 1049 196 1060 -
236 1019 360 1072 Matrem
377 1021 466 1072 Deum
484 1020 555 1072 Nor.
576 1019 657 1072 Rom.
678 1018 768 1074 Rhen.
795 1025 820 1074 1.
846 1025 873 1077 2.
892 1027 919 1079 3.
940 1040 998 1077 reo.
1035 1021 1154 1076 Matrem
1172 1021 1251 1074 ᾰιαηι

44 1095 151 1156 lterum)
170 1094 238 1149 Pnt.
260 1091 351 1168 anag.
371 1094 446 1144 Mon.
466 1089 556 1146 Rhen.
576 1091 645 1144 min.
665 1092 746 1162 prob.
767 1093 858 1170 laong.
896 1095 1015 1148 Martem
1024 1097 1112 1148 Deum
1132 1103 1162 1147 et
1183 1111 1251 1148 mox

43 1167 80 1216 Dei
94 1167 225 1218 cultorem
248 1163 291 1217 ed.
312 1167 373 1218 Par.
394 1171 423 1216 et
440 1164 525 1216 Vien.
546 1180 619 1231 quae
638 1165 769 1218 arridere
787 1176 923 1236 possunt,
953 1167 1087 1236 quoniam
1106 1185 1174 1236 aper
1191 1169 1250 1218 for-

44 1238 150 1289 titudinis
177 1254 301 1306 quoquo
326 1236 490 1308 symbolum
514 1236 572 1288 fuit
600 1244 628 1290 et
657 1233 728 1290 hinc
756 1237 787 1288 in
807 1240 923 1292 vexillis
944 1239 1025 1294 Rom.
1047 1240 1166 1294 effictus.
1205 1237 1248 1291 Cf.

43 1310 114 1362 llberl.
132 1308 168 1360 ad
190 1309 275 1362 Caes.
295 1309 322 1362 b.
344 1309 378 1362 G.
400 1313 435 1374 1,
455 1313 481 1364 3.
502 1316 531 1361 et
548 1307 606 1363 We
630 1326 683 1362 ner
701 1307 737 1362 ad
756 1310 851 1366 Valer.
878 1312 923 1364 ul.
943 1317 976 1378 o,
996 1317 1040 1368 91).
1061 1342 1096 1353 -
1115 1315 1251 1364 omnium-

42 1401 76 1450 qu
90 1383 173 1434 tutela
194 1381 262 1434 edd.
290 1390 349 1436 vet.
376 1379 503 1452 (praeter
522 1382 582 1454 Pog
604 1327 629 1446 ,ξ
652 1389 685 1433 ut
713 1388 741 1434 et
759 1381 830 1436 Pass.
852 1385 944 1438 Dilth.
965 1381 1052 1438 lless.¹
1083 1387 1210 1453 omnique
1229 1391 1248 1434 t.

42 1455 82 1507 ts,
102 1454 168 1506 Tur.
196 1453 263 1506 edd
289 1455 378 1529 Pogg.
407 1453 478 1506 Ern.
506 1460 534 1508 et
553 1399 607 1507 red.
645 1455 712 1508 Non
738 1456 864 1508 multum
884 1458 1005 1510 interest
1023 1466 1085 1509 tum
1104 1459 1181 1508 inter
1199 1454 1250 1508 has

43 1527 167 1592 lectiones,
187 1534 257 1578 tum
275 1527 355 1580 inter
368 1525 525 1596 scripturas
545 1533 613 1580 vett.
628 1535 733 1597 otmquc
752 1536 778 1580 st
797 1537 919 1600 omtpues
937 1529 1053 1600 [ΜΒ-οἱ.
1093 1529 1149 1582 Sed
1162 1531 1252 1580 omnl-

41 1619 76 1668 qsc
93 1597 331 1668 praeferendum.
360 1627 395 1638 -
433 1597 521 1651 hostis
540 1599 585 1652 ed.
606 1599 677 1652 Nor.
697 1599 760 1650 Par.
781 1603 863 1654 Vien.
902 1603 966 1667 „De
985 1601 1152 1654 Accusativi
1171 1601 1249 1670 plur.

42 1673 111 1722 torma
129 1673 160 1720 in
180 1675 207 1722 is
228 1673 279 1723 vol
299 1675 338 1722 cis
365 1689 392 1720 v.
413 1670 491 1722 Cort.
514 1670 550 1722 ad
568 1669 638 1723 Sall.
661 1670 720 1724 Cat.
742 1674 785 1726 44.
820 1673 989 1727 Ruddiman.
1011 1675 1078 1726 inst.
1100 1674 1199 1726 Gram.
1221 1673 1249 1724 Ρ.

43 1743 56 1794 1.
69 1759 91 1811 p·
110 1746 168 1796 101.
190 1748 224 1794 et
244 1740 379 1794 Schneid.
401 1741 498 1794 (iram.
517 1740 562 1803 11,
584 1746 607 1792 l.
628 1759 654 1810 p.
675 1745 756 1798 269.”
776 1745 852 1799 Hess.

91 1855 114 1906 9.
135 1850 313 1902 uramenta
331 1857 480 1918 ceterosque
491 1845 608 1916 fructus
627 1849 757 1902 laborant
780 1849 973 1916 ‚‚insolentius
991 1849 1101 1902 dictum
1119 1862 1192 1916 pro:
1218 1844 1252 1897 iis

6 1962 7 1984 ,
41 1921 145 1974 colendis
165 1937 291 1991 operam
311 1921 388 1972 dant.
425 1920 580 1972 Frumento
592 1917 765 1990 fructusque,
784 1928 816 1972 ut
834 1919 904 1972 alibi
916 1919 1018 1990 srugcs
1030 1919 1204 1988 fructusque.
1224 1935 1250 1970 v.

40 1995 154 2068 llsusing.
181 1993 221 2044 ad
249 1993 312 2046 Cic.
332 1992 368 2044 de
386 1990 435 2046 off.
455 1993 487 2058 2,
506 1997 534 2048 3.
568 1991 721 2062 Wyttenb.
742 1992 777 2045 ad
797 1993 858 2045 Cic.
879 1993 915 2045 N.
936 1993 969 2044 ll.
989 1994 1023 2060 2,
1043 1996 1086 2046 14.
1122 1989 1196 2042 Duk.
1217 1989 1252 2042 de

40 2067 102 2116 latin.
120 2072 192 2118 vett.
214 2065 320 2118 lut-isc.
340 2082 368 2134 p.
390 2069 452 2122 311.
473 2065 516 2118 ed.
537 2063 635 2116 Trai.''
654 2065 731 2118 Hess.
750 2093 787 2104 -
803 2067 978 2134 patientius,
995 2082 1080 2135 quam
1096 2080 1148 2132 pro
1167 2064 1253 2114 solita

40 2139 194 2197 dimin,
215 2155 245 2190 v.
266 2137 305 2189 ad
322 2153 384 2206 cap.
405 2141 448 2192 14.
468 2155 497 2189 n.
516 2140 543 2192 9.
563 2136 600 2190 ed
619 2154 644 2188 c.
666 2141 707 2191 15.
734 2155 763 2189 n.
785 2143 810 2191 1.
831 2139 856 2192 2
876 2142 902 2194 3.
934 2145 963 2190 et
988 2137 1023 2189 ad
1050 2137 1086 2188 ll.
1107 2139 1138 2200 4,
1157 2139 1207 2200 33,
1226 2137 1252 2190 o.

39 2213 190 2278 patientius,
221 2209 408 2284 diligentius,
440 2209 567 2272 enixius3
597 2209 702 2262 Gr'e'ntb.
749 2209 908 2263 Patientiua
932 2226 1020 2276 vero,
1050 2225 1136 2276 quam
1162 2206 1252 2260 ceteri

40 2283 169 2347 Germani,
191 2282 275 2350 quod
294 2297 368 2347 non,
386 2289 419 2333 ut
437 2282 494 2347 illi,
512 2282 580 2356 vagi
599 2289 692 2335 essent
711 2282 853 2352 bellisque
873 2281 984 2348 dediti,
1004 2281 1053 2334 sed
1073 2281 1134 2333 loci
1154 2296 1253 2333 neces-

41 2359 101 2409 sitate
119 2357 149 2408 in
168 2354 282 2408 iisdem
302 2355 388 2408 terris
408 2354 614 2418 consisterent,
633 2355 709 2407 Brot.

92 2434 133 2483 11.
170 2429 233 2481 soli
251 2430 387 2488 omnium,
405 2445 441 2480 an
460 2425 633 2480 hominum?
661 2445 696 2480 an
715 2427 892 2498 populorum
912 2425 1107 2480 Orientalium
1130 2423 1166 2476 sd
1184 2423 1254 2478 Sue·

41 2501 116 2554 vicum
133 2502 240 2554 mare?
272 2502 364 2554 -Nunc
382 2515 452 2552 vero
472 2507 502 2552 et
523 2499 576 2552 alii
595 2499 719 2568 aliisque
738 2500 768 2552 in
788 2501 875 2553 terris
894 2500 996 2572 legunt
1015 2497 1183 2550 succinum:
1203 2495 1253 2548 sed

40 2576 140 2626 maxima
158 2589 282 2642 semper
299 2573 343 2625 ris
362 2580 390 2624 et
409 2572 519 2642 optima
535 2572 699 2626 Aestiorum
718 2571 870 2638 litoribus;
896 2572 971 2623 Brot.
991 2599 1027 2609 -
1047 2571 1193 2622 succinum
1213 2567 1250 2620 id.

39 2645 73 2712 qd.
104 2648 255 2706 electrum,
280 2643 444 2716 ἠῆλεκτρος
470 2651 499 2697 et
523 2646 553 2700 sd
572 2643 714 2718 ἤλεκτρον,
739 2645 818 2714 quod
837 2661 936 2714 propr.
958 2651 999 2698 est
1021 2642 1133 2695 metalli
1152 2659 1252 2714 genus,

811 2715 1252 2782 <

78 2830 84 2842 .
223 2829 230 2842 .
317 2830 324 2843 .
423 2828 430 2842 .
604 2829 610 2844 .
730 2831 736 2844 .
884 2827 891 2842 .
939 2827 948 2854 ,
1004 2827 1010 2840 .
1075 2825 1083 2852 ,
1123 2825 1129 2838 .
1165 2825 1171 2837 .
1231 2823 1237 2836 .

39 2863 122 2916 deinde
140 2863 224 2932 quod
243 2881 322 2916 nunc
340 2863 439 2916 Germ.
460 2861 606 2916 Bsmstss'n
626 2881 646 2916 s.
667 2865 800 2933 Agtstss'n
818 2869 941 2915 vocatur
959 2869 988 2914 et
1006 2859 1131 2933 Aegypt.
1161 2859 1252 2916 sacal,

38 2937 106 3000 (Plio.
125 2941 172 3003 37,
192 2938 222 2991 2.
242 2955 265 2988 s.
287 2939 336 3001 11,
357 2939 383 2989 1.
403 2935 452 2988 oui
471 2935 611 2988 collatum
629 2934 710 2989 hebr.
730 2923 810 3015 nbtjtj
826 2934 919 2988 Exod.
939 2939 994 2999 39,
1013 2937 1057 2988 34.
1079 2947 1136 3000 quo
1155 2939 1253 2984 tamen

38 3045 80 3097 1εέ
120 3053 188 3098 atur
208 3060 291 3116 onyx
309 3044 497 3109 aromaticus,
527 3045 661 3098 odoratus
685 3043 808 3118 unguis,
835 3053 884 3096 aut
908 3043 1064 3108 bdellium)
1092 3042 1163 3094 olim
1183 3055 1252 3092 vero

38 3063 215 3188 adddndore
234 3117 318 3170 nobis
338 3117 448 3169 dictum
470 3125 512 3170 est
529 3121 635 3188 glesum
654 3136 674 3170 s.
694 3119 814 3188 glossam
834 3117 983 3186 (quoniam
1011 3117 1075 3186 glas
1094 3121 1136 3167 est
1155 3113 1252 3183 splen·

39 3191 120 3243 lidum
140 3199 170 3243 ct
191 3189 263 3244 inde
283 3189 410 3256 vitrum,
430 3189 507 3258 quod
525 3191 671 3260 pellucet,
690 3193 768 3261 glast
783 3190 937 3260 splendor,
962 3191 1088 3260 glaston,
1108 3195 1165 3238 rec.
1184 3188 1253 3256 glei-

32 3263 98 3326 fttt,
115 3262 292 3334 splendere)
310 3271 343 3314 ut
361 3261 481 3316 Graecis
499 3261 642 3336 ἤλεκτρον,
662 3264 743 3328 (nam
762 3260 881 3335 ἠλέκτωρ
899 3263 943 3315 sol
962 3261 1080 3330 eiusque
1100 3259 1252 3328 splendor)

38 3337 75 3388 ssd
90 3335 230 3388 Romanis
249 3338 406 3396 succinum,
433 3336 468 3398 (s.
488 3340 630 3396 sucinum,
656 3344 689 3388 ut
710 3353 808 3396 sucus,
835 3353 960 3396 aurosus,
987 3335 1160 3391 suculentus,
1187 3349 1203 3382 a
1222 3348 1250 3382 v.

38 3427 133 3478 sugere,
153 3409 187 3461 in
206 3415 278 3462 vett.
299 3407 382 3462 codd.
402 3415 431 3460 et
450 3409 552 3483 glossis
571 3407 697 3474 Philox.)
724 3407 792 3476 quia
819 3425 937 3460 succum
957 3423 1016 3460 csse
1035 3404 1170 3458 arborum
1189 3419 1252 3454 ore·

39 3479 131 3536 didere.
165 3499 197 3534 v.
228 3488 298 3534 nota
318 3483 361 3534 15.
400 3481 508 3534 Glcaum
527 3483 559 3534 in
576 3481 726 3551 plerisque
746 3481 838 3534 libris.
878 3481 1000 3532 Glessum
1019 3477 1050 3529 in
1068 3475 1158 3529 Rhen.
1179 3475 1249 3528 min.

39 3561 60 3606 st
75 3555 109 3606 al.
149 3555 265 3606 Glcsrm
285 3561 313 3606 et
330 3555 467 3625 glossam,
486 3563 520 3606 ut
539 3555 680 3608 Glossaria
697 3561 724 3605 et
744 3554 899 3608 Glssscrc'as
918 3553 1038 3611 insulae,
1058 3547 1129 3600 hinc
1148 3547 1252 3612 dictae,

5 3637 6 3660 l
39 3626 91 3686 (Gr.
109 3625 281 3691 Electridcs)
305 3625 338 3678 in
356 3627 504 3695 antiquiss.
531 3626 595 3680 cod.
622 3627 695 3680 Plin.
723 3625 824 3690 (etiam
849 3625 919 3678 bibl.
945 3623 1055 3692 Imper.
1079 3623 1161 3695 Prag.
1181 3626 1253 3672 testo

39 3699 112 3765 Pasa.)
131 3703 169 3767 4,
190 3702 237 3756 27.
255 3703 291 3764 4,
309 3703 353 3754 39.
371 3703 423 3764 37,
443 3703 487 3754 11.
506 3703 556 3766 38,
575 3705 602 3755 3.
624 3707 653 3752 et
671 3699 762 3753 Solin.
791 3717 815 3752 c.
835 3703 879 3756 29.
909 3713 968 3750 non
985 3697 1109 3767 glossam
1128 3701 1157 3747 et
1178 3694 1254 3745 Glae-

38 3775 134 3831 saria,
161 3789 252 3840 quam
280 3772 473 3841 scripturam,
498 3773 528 3824 in
557 3771 726 3842 quibusdam
746 3771 828 3826 libris
848 3778 1012 3840 repertam,
1031 3766 1171 3838 praetulit
1190 3765 1253 3820 Sal-

40 3861 94 3897 mas.
114 3845 240 3899 exercit.
261 3844 334 3897 l’lin.
354 3845 385 3896 in
403 3844 495 3898 Solin.
514 3845 548 3898 Τ.
568 3847 591 3898 l.
611 3862 639 3914 p.
652 3847 712 3900 165.
732 3844 763 3898 B.
783 3845 819 3898 al.
838 3846 900 3900 234.
919 3860 948 3913 p.
968 3860 1006 3894 m.
1028 3839 1070 3895 Cf.
1091 3841 1161 3892 Lex.
1183 3836 1253 3892 Ges·

41 3917 92 3969 neri
109 3926 138 3973 et
156 3917 286 3970 Forcell.
328 3917 372 3970 De
396 3916 482 3970 huius
507 3917 619 3970 succini
644 3936 666 3971 s.
692 3917 796 3971 electri
821 3925 882 3968 tum
901 3915 1000 3968 indole
1019 3921 1048 3968 et
1066 3912 1197 3988 origine,
1218 3927 1254 3995 pe

41 3989 248 4116 milii?
267 3989 439 4116 ‘miritis
458 3989 923 4127 llttt‘ttttttlltllt
942 3987 969 4112 ⁵5.
985 4004 1021 4114 ¹³1³
1024 4000 1253 4125 101ιὲζὲἕὲῗὲ

42 4067 354 4202 dissolutis.
373 4101 509 4206 spol...
528 4139 562 4201 s,
582 4079 643 4191 ebs.
663 4101 756 4204 sp...
779 4135 808 4188 u
826 4079 979 4188 abrs·
993 4098 1028 4186 ad
1047 4129 1075 4182 h.
1096 4131 1116 4182 l.
1137 4093 1253 4182 samad

43 4205 93 4258 ll.
117 4207 253 4262 ltlunker.
278 4207 315 4261 ad
338 4207 451 4283 Hygini
477 4208 533 4262 fab.
560 4207 622 4264 152.
652 4211 711 4262 154.
778 4205 876 4282 igandi
899 4223 967 4260 vera
995 4202 1105 4258 succini
1122 4200 1253 4263 historia,

43 4279 206 4334 llartmanni
224 4281 371 4334 succincta
389 4279 501 4334 succini
520 4279 646 4334 Prussici
666 4277 732 4332 hist.
752 4279 847 4334 Berol.
859 4281 938 4335 1699.
959 4276 1115 4330 Schloezer
1133 4291 1160 4344 p.
1172 4276 1197 4328 8.
1209 4275 1253 4329 22.

44 4355 278 4424 ttseq.123seq.
316 4353 437 4408 Gesner.
463 4353 498 4408 de
524 4354 634 4408 electro
660 4361 791 4407 veterum
818 4351 849 4404 iu
873 4351 984 4406 Comm.
1013 4349 1076 4402 Soc.
1105 4345 1200 4400 Goett.
1221 4345 1253 4398 T.
