2904 4802
175 263 237 326 ιοι
372 293 375 306 ·
482 253 704 322 uniocus
730 233 788 320 nn
810 253 1096 320 onaromuus.

178 430 280 515 magis
303 425 451 490 eiusdem
478 428 594 488 aetatis
622 435 772 488 oratores
801 425 992 506 praecurrit
1022 441 1122 505 φιιιιι
1153 419 1287 486 iudicio.
1333 421 1417 484 Pri-

178 534 251 574 mus
273 513 361 573 enim
383 509 529 571 excoluit
547 511 752 587 orationem,
780 509 909 590 primus
940 515 974 568 et
995 507 1106 568 verbis
1128 505 1289 570 delectum
1310 505 1417 568 adhi-

177 598 252 658 buit
272 603 305 657 et
326 594 556 674 compositioni
576 601 694 668 artem,
716 593 870 673 locosque
892 591 1044 652 laetiores
1066 593 1242 652 attentavit
1263 599 1296 652 et
1305 609 1417 672 quas-

179 678 254 741 dam
276 679 453 739 sententias
474 677 619 752 invenit3
648 677 765 757 utique
790 677 825 734 in
854 674 906 734 his
928 673 1157 754 orationibus,
1190 693 1271 756 quas
1292 675 1418 734 senior

179 765 246 824 iam
275 769 308 822 et
334 761 427 820 iuxta
453 759 553 821 finem
584 761 673 822 vitae
702 759 888 840 composuit
937 753 972 817 id
1001 764 1066 836 est,
1097 765 1272 839 postquam
1293 777 1331 816 m
1381 757 1416 815 is

178 847 366 930 proiecerat
386 861 515 924 usuque
537 849 570 904 et
590 842 822 924 experimentis
844 838 878 900 di
903 841 1022 917 icerat,
1051 838 1140 922 quod
1170 777 1418 923 optimumadi·

180 927 275 992 cendi
296 947 400 1027 genus
422 936 482 988 est.
528 923 615 986 Nam
645 927 777 1005 priores
804 925 876 984 eius
897 923 1066 984 orationes
1086 943 1156 984 non
1177 933 1291 985 carent
1311 924 1415 984 vitiis

180 1011 398 1092 antiquitatis.
442 1009 568 1070 Lentus
591 1010 696 1069 estin
716 1009 911 1090 principiis,
938 1008 1055 1090 longus
1086 1009 1122 1068 in
1143 1007 1414 1075 narrationibus,

179 1097 305 1158 otiosus
326 1095 421 1164 circa,
437 1111 599 1169 excessus,
621 1089 716 1152 tarde
737 1097 976 1169 commovetur,
997 1109 1076 1151 raro
1094 1091 1283 1166 incalescit3
1304 1090 1418 1172 pauci

180 1197 295 1240 sensus
322 1183 398 1258 apte
426 1185 461 1236 et
488 1193 563 1235 cum
591 1172 732 1256 quodam
753 1175 880 1234 lumine
900 1173 1132 1234 terminantur.
1176 1171 1270 1233 Nihil
1291 1191 1417 1233 excer-

179 1281 270 1344 pere,
292 1259 376 1320 nihil
398 1259 525 1319 referre
547 1259 671 1340 possis,
694 1265 727 1319 et
748 1258 895 1319 velutin
915 1253 994 1318 rudi
1015 1254 1167 1318 aedificio
1186 1256 1302 1318 firmus
1325 1275 1415 1316 sane

178 1345 288 1428 paries
310 1351 343 1404 et
365 1339 565 1418 duraturus,
598 1339 742 1402 sednon
765 1342 844 1402 satis
866 1340 1034 1422 expolitus
1057 1349 1090 1402 et
1111 1337 1294 1423 splendens.
1338 1338 1416 1424 Ego

178 1436 289 1490 autem
317 1433 501 1503 oratorem,
532 1426 619 1485 sicut
648 1424 843 1506 locupletem
873 1443 912 1484 ac
942 1424 1067 1486 lautum
1097 1434 1226 1507 patrem
1248 1423 1414 1499 familiae,

178 1531 245 1572 non
267 1527 305 1570 eo
328 1515 457 1569 tantum
479 1507 555 1570 volo
576 1515 663 1570 tecto
685 1509 770 1593 tegi,
792 1505 881 1589 quod
902 1507 1042 1568 imbrem
1064 1525 1102 1567 ac
1123 1515 1259 1570 ventum
1281 1513 1414 1580 arceat,

177 1591 357 1656 sedetiam
379 1589 469 1673 quod
489 1591 600 1654 visum
622 1599 656 1652 et
676 1592 789 1652 oculos
811 1588 970 1666 delectet,
1004 1609 1070 1650 non
1092 1609 1130 1652 ea
1151 1591 1259 1650 solum
1280 1590 1415 1649 instrui

178 1675 398 1758 supellectile,
431 1693 516 1757 quae
544 1676 737 1735 necessariis
766 1675 881 1736 usibus
912 1675 1077 1749 sufficiam
1105 1670 1164 1736 sed
1185 1674 1283 1734 etiam
1303 1673 1348 1732 sit
1371 1673 1413 1730 in

178 1767 342 1842 apparatu
371 1760 443 1819 eius
473 1766 505 1820 et
533 1777 663 1836 aurum
684 1767 717 1819 et
742 1775 906 1842 gemmae,
936 1766 975 1819 nt
996 1776 1129 1819 sumere
1150 1757 1186 1816 in
1207 1774 1345 1834 manus,
1370 1761 1416 1815 ut

179 1845 326 1926 aspicere
356 1841 488 1924 saepius
515 1841 620 1902 liceat.
678 1839 846 1921 Quaedam
876 1858 958 1902 vero
998 1839 1114 1923 procul
1143 1847 1338 1916 arceantur,
1370 1845 1417 1898 ut

179 1929 245 1987 iam
266 1925 440 1986 obliterata
462 1931 495 1985 et
516 1924 653 2000 olentia,
686 1924 813 1984 nullum
841 1924 885 1983 sit
905 1923 1046 1986 uerbum
1066 1923 1160 1986 velut
1180 1923 1335 2007 rubigine
1356 1923 1417 1980 in-

179 2013 319 2086 fectum,
350 2008 434 2068 nulli
461 2027 576 2069 seusus
603 2003 699 2067 tarda
725 2015 758 2067 et
787 2007 887 2066 inerti
908 2015 1079 2068 structura
1100 2008 1136 2066 in
1156 2025 1283 2066 morem
1304 2013 1415 2065 auna-

180 2095 262 2152 lium
283 2087 542 2172 componantur,
565 2092 671 2172 fugiat
691 2085 820 2150 foedam
842 2099 876 2150 et
897 2091 1055 2150 insulsam
1077 2089 1326 2165 scurrilitatem,
1346 2107 1414 2150 va-

180 2178 246 2236 riet
273 2175 565 2256 compositionem,
599 2192 660 2236 nec
690 2191 805 2236 omnes
835 2173 996 2235 clausulas
1029 2191 1096 2236 uno
1118 2179 1152 2234 et
1173 2170 1287 2233 eodem
1307 2169 1414 2232 modo

180 2259 344 2321 terminet.

253 2377 278 2427 1.
316 2389 364 2426 nec
382 2375 441 2426 ulla
458 2392 487 2427 re
505 2378 597 2446 magis
625 2373 741 2429 eiusdem
765 2379 867 2429 aetatis
894 2381 1020 2429 oratores
1047 2377 1219 2442 praeuenit,
1251 2371 1413 2438 antecedit,

180 2443 347 2510 antecellit,
367 2454 499 2518 superat,
528 2455 562 2500 ut
579 2449 650 2500 Hor.
670 2447 752 2516 epist.
773 2452 808 2515 1,
829 2451 878 2512 10,
897 2452 941 2504 33.
970 2449 1043 2516 Nep.
1069 2444 1170 2500 Thrae.
1190 2451 1215 2500 1.
1236 2443 1296 2498 Cic.
1317 2443 1412 2497 Catil.

179 2521 211 2584 l,
230 2521 257 2574 9.
277 2524 306 2571 et
324 2517 376 2571 Gr.
395 2519 601 2592 παρέρχεσθαι,
619 2518 789 2588 metaphora
808 2538 824 2573 a
842 2519 934 2574 stadio
953 2519 1053 2590 petita.
1067 2547 1104 2558 —
1122 2537 1204 2593 quum
1223 2519 1330 2572 iudicio
1348 2517 1410 2570 illo

180 2597 210 2643 et
228 2589 356 2642 delectu:
377 2593 518 2644 verterim
537 2591 567 2645 h.
587 2593 606 2644 l.
628 2591 808 2656 Gesclsmaciss
829 2591 934 2647 Schuu.

250 2665 277 2718 2.
311 2665 422 2733 primus
444 2672 471 2716 et
497 2665 583 2718 uerbis
605 2663 734 2718 delectum
761 2665 889 2718 adhibuit
913 2663 976 2718 edd.
1003 2661 1094 2716 Rhen.
1113 2665 1140 2720 2.
1160 2668 1188 2721 3.
1211 2661 1278 2715 Ald.
1297 2669 1328 2715 et
1347 2667 1412 2714 cet.

178 2741 211 2788 ts
228 2735 314 2788 uerbis
333 2733 377 2788 ed.
396 2751 441 2804 pr.
462 2737 525 2789 Put.
545 2737 610 2789 Ber.
630 2737 704 2790 Lan.
725 2735 789 2792 lliv.
810 2737 902 2792 Rheu.
922 2743 947 2792 1.
974 2735 1052 2804 quod
1076 2735 1225 2789 revocavit
1244 2733 1411 2799 Droukius,

170 2807 230 2874 ,qui
248 2805 372 2860 aslltilere
389 2807 520 2861 delectum
539 2799 628 2862 alicui
646 2815 688 2863 rei
705 2827 763 2863 non
782 2818 862 2864 recte
881 2810 940 2863 dici
958 2813 1057 2878 putat,
1076 2825 1167 2878 quum
1185 2807 1263 2862 notio
1283 2807 1336 2874 rei,
1356 2823 1413 2860 cu·

179 2878 224 2932 ius
243 2880 390 2933 delectum
408 2878 579 2946 habeamus,
615 2898 674 2935 non
701 2883 808 2936 referri
832 2883 922 2954 possit
945 2879 980 2934 sd
1005 2880 1144 2948 verbum,
1177 2879 1228 2934 sed
1246 2879 1413 2933 adnomen

177 2953 302 3006 mlestus.
340 2951 421 3004 Idem
439 2959 537 3006 tamen
554 2961 634 3008 recte
653 2954 758 3009 dixisse
777 2955 871 3008 credit
895 2952 1018 3022 Quintil.
1038 2953 1117 3006 v111.
1135 2968 1266 3022 prooem.
1285 2955 1330 3008 28.
1364 2969 1414 3002 co-

70 3028 72 3032 ‘
175 3028 272 3093 piosus
297 3025 439 3077 solertem
465 3027 629 3094 supellectili
646 3025 771 3080 cdliilsrs
789 3036 877 3081 artem
896 3025 1057 3081 collocandi.
1104 3025 1164 3092 „Et
1189 3041 1255 3078 sane
1273 3025 1413 3096 plemun-

179 3111 236 3166 que
255 3095 366 3149 dicitur
383 3097 513 3151 delectum
532 3101 650 3152 alicuius
668 3102 711 3152 m·
728 3099 837 3160 babere,
852 3099 967 3169 facere,
987 3117 1082 3170 ugare,
1106 3105 1139 3150 ut
1158 3114 1203 3167 ap.
1224 3097 1286 3151 Cic.
1306 3096 1342 3150 de
1362 3113 1410 3148 or.

178 3171 211 3232 39
230 3169 275 3223 3²·
313 3167 436 3235 Quintil·
463 3172 596 3236 ²5877·
617 3175 771 3236 1⁰2315·
804 3174 879 3226 Pliss·
905 3173 942 3226 H·
968 3173 1004 3225 N·
1028 3175 1063 3238 ⁷,
1086 3174 1131 3228 29·
1158 3172 1209 3237 1²9
1228 3173 1264 3236 9,
1284 3173 1310 3225 6·
1348 3167 1411 3222 sed

178 3239 261 3292 aliud
278 3255 398 3310 prorsus
423 3251 466 3295 est
489 3243 613 3298 adbibere
637 3243 784 3305 deiectum,
815 3244 894 3315 quod
921 3245 986 3316 pari
1011 3243 1075 3296 iure
1100 3242 1239 3295 Dativum
1264 3237 1411 3294 asciscere

178 3319 287 3381 potest,
322 3329 381 3382 quo
407 3311 468 3368 (iic.
490 3315 525 3370 de
543 3316 593 3370 lin.
614 3317 648 3382 5,
668 3321 717 3383 30,
737 3322 783 3374 90.
814 3325 893 3372 recte
913 3317 987 3370 dixit
1004 3316 1134 3370 delectum
1152 3314 1277 3368 adbibere
1295 3313 1334 3366 ad
1350 3316 1412 3366 uli·

178 3403 261 3456 quam
278 3403 346 3439 rem.
371 3387 523 3441 Praeterea
540 3389 669 3458 aequalis
689 3390 889 3443 membrorum
908 3389 1047 3443 orationis
1066 3389 1202 3440 iunctura
1220 3385 1355 3456 repudiat
1375 3404 1411 3438 es

178 3465 206 3510 et
224 3459 351 3528 postulat
370 3456 423 3511 αἶ’
446 3459 550 3514 Osann.
568 3490 605 3502 -
638 3464 761 3532 locosque
786 3465 916 3515 laetiores
941 3479 965 3514 c.
991 3461 1076 3514 Farn.
1104 3459 1168 3514 edd.
1194 3459 1272 3530 lips.
1297 3465 1327 3511 et
1345 3473 1411 3511 rec.

178 3529 222 3582 Of.
241 3529 277 3582 ad
296 3545 321 3585 c.
341 3533 366 3584 1.
388 3547 416 3584 n.
436 3535 463 3587 3.
483 3532 519 3585 ad
538 3549 564 3586 c.
583 3535 627 3588 2⁰.
648 3551 676 3586 ιι.
695 3539 722 3590 3.
743 3541 771 3588 et
790 3535 826 3587 ad
845 3549 870 3587 c.
890 3537 935 3590 21.
956 3551 985 3587 n.
1004 3537 1032 3590 9.
1066 3535 1190 3605 locosque
1209 3535 1320 3585 latiores
1340 3530 1410 3583 edd

176 3617 220 3670 pr.
240 3603 301 3656 Put.
321 3601 384 3656 Riv.
403 3601 469 3656 Ber.
489 3607 611 3678 locusque
629 3609 743 3660 altiores
761 3603 854 3660 Rhen.
873 3614 943 3673 tres,
962 3605 1028 3658 Ald.
1044 3603 1147 3658 Frena
1168 3605 1231 3659 Col.
1253 3606 1325 3657 locus
1340 3623 1411 3674 quo·

177 3693 225 3744 qus
244 3671 320 3728 MSS.
345 3675 408 3728 Vat.
434 3675 497 3730 edd.
526 3677 605 3732 Brot.
630 3679 695 3750 liip.
724 3679 772 3732 Ob.
792 3677 859 3733 soh.
878 3678 959 3733 Seeb.
978 3677 1029 3731 Dr.
1050 3679 1094 3732 Os.
1114 3679 1162 3732 Or.
1199 3679 1323 3731 lectiores
1349 3691 1410 3746 pro

176 3747 383 3800 laetiores'Vat.
401 3750 482 3805 tres.
529 3749 667 3804 Ceterum
685 3754 754 3814 loci,
785 3767 843 3805 uon
867 3753 928 3805 locu
947 3751 1033 3805 etiam
1053 3749 1205 3814 Ciceroni,
1234 3749 1357 3815 Quintil.
1380 3755 1412 3802 et

177 3817 243 3870 aliis
262 3818 402 3871 dicuntur
419 3821 469 3874 vel
487 3831 675 3897 argumenta,
708 3839 781 3892 quae
800 3825 831 3876 in
850 3823 1026 3877 orationibus
1046 3821 1326 3894 disputationibusre
1346 3829 1411 3874 tra-

177 3897 310 3954 ctantur,
332 3893 381 3945 vel
400 3892 479 3960 ipsae
497 3896 660 3948 orationum
679 3903 778 3966 partes
798 3905 827 3950 et
845 3896 1016 3950 sententiae.
1036 3923 1073 3934 —-
1101 3903 1127 3950 et
1145 3897 1279 3968 quasdam
1296 3901 1411 3948 senten-

175 3967 232 4018 tias
251 3966 374 4016 inuenit:
402 3965 568 4026 „sententia
590 3983 650 4022 non
668 3969 763 4022 solum
784 3968 836 4021 Gr.
855 3966 961 4040 γνώμη,
989 3985 1017 4020 ν.
1037 3985 1061 4020 c.
1080 3971 1186 4022 veritus
1204 3969 1297 4021 odium
1314 3971 1410 4036 parit,

176 4035 225 4088 sed
250 4037 367 4104 quaevis
394 4037 457 4091 fere
482 4039 641 4094 enuntiatio
669 4039 798 4094 breviter
823 4049 851 4094 et
876 4058 945 4093 cum
973 4041 1106 4094 acumine
1126 4039 1203 4094 dicta
1221 4039 1410 4110 periodoque

176 4107 291 4162 inserta.
328 4107 371 4161 De
395 4107 441 4161 his
471 4111 612 4166 orationis
639 4113 817 4166 ornamentis
842 4113 952 4166 multus
978 4121 1044 4182 post
1064 4111 1125 4166 cic.
1144 4112 1221 4183 apud
1239 4111 1409 4166 rhetoricos

175 4197 278 4234 sermo.
316 4181 414 4234 Oratio
442 4198 502 4234 non
526 4182 659 4253 placebat
676 4185 733 4237 nisi
753 4186 964 4240 sententiarum
984 4185 1145 4256 luminibus
1163 4184 1318 4238 distincta:
1348 4181 1409 4238 hae

174 4253 257 4310 velut
273 4253 421 4306 scintillae
438 4253 546 4324 ubique
566 4256 689 4310 emicare
708 4255 862 4324 debebant,
891 4258 1049 4328 praecipue
1076 4259 1109 4312 iu
1132 4257 1287 4322 clausulis3
1324 4257 1409 4310 unde

174 4339 242 4378 snos
261 4323 385 4377 dicitur:
413 4333 501 4394 pauci
516 4347 611 4382 sensus
629 4337 691 4397 apte
709 4337 736 4382 et
753 4347 814 4383 cum
832 4333 950 4401 quodum
970 4335 1073 4384 lumine
1091 4335 1299 4393 terminantur,
1327 4327 1359 4382 h.
1381 4347 1408 4382 e.

174 4413 239 4450 cusu
258 4397 381 4466 quadam
399 4407 547 4462 sententio,
567 4400 694 4456 dictione
713 4401 796 4456 brevi
816 4413 845 4458 et
863 4411 964 4471 acuta,
994 4421 1068 4474 quae
1087 4405 1126 4458 sit
1144 4411 1282 4475 tanquam
1302 4402 1409 4456 lumen
