2756 4792
203 235 266 302 tle
515 231 739 298 DlALOGUS
760 233 819 298 DE
842 229 1128 298 ORATOlllBUS.

203 397 264 450 diei
283 397 434 452 statuerim
454 401 529 452 ratio
547 401 673 470 colliget,
691 417 725 453 eo
744 415 846 466 sensu,
887 415 924 452 uo
937 397 1037 453 Genu.
1056 398 1101 450 die
1117 395 1285 468 Bwerbuusg
1299 397 1365 466 ogisi

202 469 284 523 Siout
303 469 381 524 enim
401 471 433 522 in
452 470 615 524 dialecticis
634 472 743 524 dieitur
760 477 835 526 tutio
854 415 962 539 edicit,
987 474 1097 530 uincit,
1114 478 1225 523 coastat
1241 478 1303 532 ete,
1319 469 1365 522 itai

203 542 262 596 alio
281 559 388 616 genere
407 543 613 610 ratiocinandi,
632 561 686 596 usu
700 559 898 608 numerorum,
918 543 1023 596 iisdem
1041 541 1180 599 formulis
1199 541 1273 596 loeus
1288 559 1335 594 esse
1349 540 1365 590 d

202 614 280 667 buit:
299 614 408 684 quippe
426 613 476 668 bie
494 616 558 668 fons
577 624 620 670 est
638 615 845 670 translationis.
884 617 918 668 ln
937 615 1067 668 numeris
1086 622 1183 668 eutem
1201 614 1332 684 proprium
1346 629 1365 662 a

201 688 303 758 ligere:
321 688 382 740 iere
400 703 515 756 semper
533 687 652 756 quidem
671 687 707 740 de
719 689 939 746 ratiocinatores,
958 696 987 740 at
1006 687 1103 752 etiam,
1124 694 1157 738 ut
1175 687 1282 756 opinor,
1299 683 1327 738 de
1342 685 1365 752 ip

202 757 322 813 ratione.
360 757 520 812 simillime
547 760 621 812 Plin.
651 777 695 830 ep.
715 763 749 826 2,
772 766 823 826 19,
842 764 868 816 9.
910 761 1007 813 Omnes
1026 766 1057 813 ia
1075 767 1142 812 utra
1208 768 1283 828 parte
1299 759 1365 809 micul

200 851 271 900 pone
290 831 371 902 idque
390 834 476 902 elige,
495 834 525 885 in
543 849 596 903 quo
615 836 747 886 uicerit
764 838 872 887 ratio.
911 833 1048 886 Ceterum
1068 829 1119 884 bic
1163 831 1211 900 pri
1229 849 1252 883 c.
1271 835 1306 886 li·
1327 835 1365 898 pti

203 905 270 958 dam
297 904 327 955 in
356 903 536 973 temporibus
565 905 769 974 computandis
799 903 984 958 sedulitatem
1013 904 1126 968 notari,
1163 905 1365 956 manifestans

203 978 265 1030 lam
290 973 362 1045 quid
389 975 505 1029 undem
531 977 562 1028 in
581 978 732 1048 prinoipio
756 987 812 1044 est,
838 977 916 1046 quod
941 977 1070 1052 big-eat?
1109 975 1230 1028 Tentura
1246 974 1365 1028 subaudita

201 1057 235 1100 ut
252 1065 337 1118 saepe
355 1047 397 1100 fit.
435 1047 602 1102 Praesertim
627 1066 699 1103 vero
725 1057 847 1120 propter
871 1049 963 1118 ipsam
987 1049 1164 1119 paucitatem
1185 1065 1316 1102 annorum
1331 1044 1364 1096 adi

202 1128 282 1172 ctum
301 1121 369 1173 est'’
407 1120 745 1188 etudAnn.1.o,7.
767 1125 879 1188 13,1t.
913 1129 941 1175 et
970 1121 1005 1174 G.
1033 1123 1077 1178 22.
1104 1137 1132 1172 n.
1152 1125 1195 1174 10.
1233 1122 1365 1190 Colligerel

200 1209 268 1245 men
287 1192 341 1245 illo
361 1209 445 1247 sensu
464 1209 605 1263 nusquam
624 1195 785 1264 reperitur,
804 1193 909 1248 etalio
929 1211 990 1264 oep.
1012 1197 1055 1249 17.
1075 1209 1162 1264 quern
1181 1193 1277 1246 locum
1294 1203 1366 1259 respa

205 1267 363 1320 Maternus.

650 1411 842 1467 CAPUT
887 1413 969 1468 m.

283 1519 373 1582 Tum
393 1517 554 1584 Messala:
576 1515 706 1604 Sequar
724 1542 745 1584 a
761 1532 794 1586 te
815 1527 1055 1608 praescriptam
1075 1527 1239 1604 formam,
1260 1519 1366 1582 Marem

200 1601 319 1686 Neque
340 1607 429 1668 enim
450 1602 509 1666 diu
530 1603 823 1668 contradicendum
845 1617 896 1670 est
910 1608 1015 1691 Apro,
1037 1611 1096 1691 qui
1118 1611 1275 1691 primum,
1294 1611 1327 1664 ut
1342 1619 1366 1680 op

201 1705 283 1767 nor,
305 1689 449 1749 nominis
470 1691 733 1751 controversiam
754 1693 870 1769 movit,
892 1700 1048 1774 tanquam
1069 1712 1189 1775 parum
1212 1689 1366 1774 propriae

201 1771 287 1846 tiqui
313 1777 533 1851 vocarentur,
565 1789 648 1854 quos
680 1775 760 1834 satis
786 1783 915 1836 constet
941 1783 1017 1838 ente
1038 1783 1170 1838 eentum
1191 1793 1293 1835 annos
1310 1769 1366 1829 fuiss

199 1851 290 1914 Mihi
311 1861 421 1914 eutem
445 1851 486 1916 de
506 1847 668 1918 vdcabulo
689 1877 802 1941 pugna
822 1877 887 1919 non
910 1867 977 1920 est:
1001 1861 1074 1921 sive
1096 1859 1168 1919 illos
1190 1860 1366 1936 antiquos*

198 1955 241 1999 ve
262 1936 424 2014 maiores,
457 1935 527 1998 sive
556 1955 623 2018 quo
645 1937 709 1998 alio
733 1941 859 2002 mavult
887 1941 1038 2018 nomine,
1067 1939 1229 2022 appellet,
1252 1937 1366 1998 dummfl

199 2019 236 2078 in
264 2019 413 2078 confesso
444 2019 504 2097 sit,
544 2020 796 2094 eminentiorem
824 2023 958 2084 illorum
989 2033 1177 2106 temporum
1209 2015 1366 2101 eloquentis

199 2101 312 2162 fuisse.
358 2097 411 2162 Ne
431 2101 483 2162 illi
504 2099 637 2182 quidem
658 2105 748 2185 perti
768 2109 930 2168 sermonis
953 2107 1024 2168 eius
1047 2122 1199 2188 repugno
1211 2147 1222 2176 ,
1244 2105 1273 2164 si
1293 2115 1366 2161 somn

199 2203 263 2244 uus
294 2185 436 2258 fatetur,
467 2185 581 2266 plnres
612 2189 734 2246 formas
767 2186 899 2250 dicendi
924 2191 1024 2250 etiam
1051 2185 1170 2250 iisdem
1190 2186 1366 2258 saeculis,¹

200 2263 280 2326 dum
302 2263 462 2346 diversis,
493 2269 665 2330 exstitisse.
715 2267 781 2332 Sed
811 2291 877 2353 quo
899 2269 997 2332 modo
1019 2273 1108 2332 inter
1128 2269 1260 2331 Attinas
1280 2272 1366 2328 oratu

199 2351 328 2434 primae
349 2347 565 2430 Demostheni
587 2353 799 2434 tribuuntur,
822 2357 1009 2438 proximum
1032 2361 1141 2416 autem
1163 2355 1274 2416 locum
1296 2343 1366 2410 lesi

198 2453 257 2494 nes
278 2441 312 2494 et
332 2429 523 2516 Hyperides
546 2443 579 2496 et
598 2435 716 2517 Lysias
739 2445 772 2499 et
792 2437 968 2523 Lycurgus
1001 2438 1168 2516 obtinent,
1202 2436 1367 2498 omniunt

199 2525 268 2578 tem
289 2533 452 2578 consensu
473 2517 554 2580 haec
575 2526 746 2581 oratorum
767 2531 855 2584 aetas
876 2523 1018 2584 maxime
1047 2521 1231 2604 probatur:
1264 2520 1309 2580 sic
1335 2503 1367 2592 ei

200 2619 261 2662 nos
284 2595 400 2662 Cicero
431 2599 564 2682 quidem
597 2611 724 2664 ceteros
752 2603 935 2666 eorundem
964 2613 1153 2687 temporum
1173 2601 1367 2682 disertosau

200 2685 317 2762 cessit,
363 2683 483 2746 Galum
510 2691 620 2746 autem
644 2693 678 2746 et
703 2685 840 2750 Asinius
867 2697 901 2750 et
928 2685 1049 2750 Caesar
1079 2695 1112 2750 et
1133 2685 1270 2750 Coelius
1291 2691 1321 2744 et
1339 2677 1367 2738 Bt

200 2777 255 2830 tus
276 2769 324 2828 sic
344 2769 420 2828 iura
441 2775 474 2829 et
495 2767 667 2850 prioribus
688 2778 722 2831 et
742 2771 957 2854 sequentibus
978 2777 1244 2854 anteponuntur.
1287 2765 1367 2828 Neci

150 2907 156 2924 ,
200 2854 286 2927 lert,
320 2847 411 2932 quod
438 2852 528 2910 inter
553 2870 588 2913 se
609 2855 719 2933 specie
740 2852 915 2934 different,
949 2873 1053 2936 quum
1069 2871 1192 2940 genere
1209 2848 1367 2914 eonsentir

201 2931 405 2995 Adstrictior
441 2929 584 3012 Calvus,
620 2939 832 2999 numerosior
867 2937 1024 3016 Asinius,
1052 2935 1265 3020 splendidior
1298 2931 1367 2996 Caes

201 3017 348 3078 amarior
370 3015 520 3096 Coelius,
542 3020 680 3100 gravior
702 3019 840 3100 Brutus,
862 3021 1092 3085 vehementior
1112 3025 1150 3083 ed
1165 3019 1301 3163 plenior
1321 3022 1367 3073 et*

201 3101 324 3162 lentior
346 3098 479 3174 Cicer0;
515 3117 627 3162 omnes
658 3110 767 3165 tamen
800 3103 936 3167 eandem
958 3105 1133 3167 sanitatem
1155 3101 1357 3185 eoquentiae

202 3191 301 3261 runt,
323 3191 378 3258 ut,
402 3185 430 3244 si
451 3185 599 3244 omnium
620 3189 749 3268 pariter
768 3189 870 3252 libros
891 3189 926 3248 iu
948 3207 1082 3250 manum
1104 3189 1312 3269 sumpseris,
1334 3177 1367 3240 sci

202 3268 354 3349 quemvis
385 3267 421 3326 in
443 3263 585 3330 diversis
606 3270 767 3355 ingeniis,
800 3293 871 3335 esse
892 3269 1056 3354 quandam
1077 3269 1197 3333 iudicii
1221 3289 1262 3332 ac
1282 3267 1367 3332 volun

203 3351 248 3412 tis
268 3347 521 3412 similitudinem
543 3359 576 3413 et
597 3356 835 3438 aequationem.
877 3355 964 3417 Nam
985 3352 1075 3437 quod
1095 3356 1246 3419 invicem
1268 3372 1304 3414 se
1322 3349 1367 3410 obt

201 3441 396 3512 cieverunt,
417 3465 460 3476 —
480 3441 514 3494 et
534 3443 612 3496 sunt
632 3437 743 3518 eliqua
764 3441 912 3521 epistolis
934 3457 1051 3500 eorum
1072 3439 1220 3517 inserte,
1252 3456 1293 3498 ex
1313 3429 1367 3515 quil

202 3523 319 3608 mutue
348 3517 426 3577 mali
472 3519 535 3578 itas
556 3517 744 3604 detegitur,
773 3553 815 3566 -
843 3541 910 3584 non
941 3531 990 3584 est
1011 3529 1183 3600 oratorum
1206 3523 1350 3590 vitium,

201 3601 384 3662 hominnm.
466 3619 519 3661 am
548 3609 581 3662 et
609 3601 748 3667 Calvum
786 3614 819 3667 et
847 3605 1000 3668 Asinium
1031 3613 1065 3668 et
1090 3607 1204 3688 ipsum
1239 3603 1367 3666 Cicerae

203 3681 303 3745 credo
325 3684 439 3745 solitos
461 3693 494 3745 et
514 3683 667 3748 invidere
688 3695 722 3749 et
742 3687 848 3752 livere
869 3698 902 3752 et
927 3691 1045 3752 ceteris
1067 3689 1237 3751 humanae
1258 3687 1367 3748 inlirn¹

202 3769 246 3830 tis
267 3767 360 3830 vitiis
381 3768 488 3828 allici:
516 3768 622 3830 solum
649 3771 740 3834 inter
768 3771 828 3834 hos
859 3771 1007 3836 arbitror
1026 3759 1170 3836 Brutum
1190 3791 1266 3833 non
1287 3770 1367 3850 mdis

203 3859 271 3912 tate
291 3869 354 3911 neo
373 3847 519 3930 invidia,
541 3849 599 3914 sed
619 3854 815 3937 simpliciter
836 3865 871 3919 et
890 3859 1044 3944 ingenue,
1066 3853 1238 3919 iudicium
1260 3853 1357 3918 enimi

203 3930 377 3995 detexisse.
419 3931 473 3994 An
493 3935 736 4000 illeinm‘deret
757 3939 927 4017 Ciceroni,
949 3941 1008 4023 qui
1028 3940 1111 4001 mihi
1129 3935 1274 4002 videtur
1296 3931 1367 3998 ne(

204 4017 272 4080 sari
304 4013 437 4098 quidem
466 4015 649 4080 invidisse?
693 4013 791 4102 Quod
818 4021 862 4084 ad
888 4020 961 4086 Ser.
989 4022 1126 4086 Galbam
1155 4029 1189 4083 et
1223 4022 1262 4085 G.
1286 4017 1367 4080 laeli

205 4101 344 4180 attinet,
373 4107 407 4160 et
435 4100 463 4160 si
484 4120 567 4181 quos
598 4103 680 4164 alios
708 4107 924 4188 antiquorum
993 4109 1079 4169 itare
1106 4125 1171 4167 non
1195 4103 1347 4180 destitit,

205 4185 308 4272 exigit
335 4179 560 4265 defensorem,
590 4205 693 4267 quum
724 4191 846 4268 fatear,
877 4209 961 4274 quae
1004 4211 1037 4250 m
1068 4191 1284 4273 eloquentiae
1311 4205 1367 4250 eor

205 4273 244 4330 ut
263 4267 411 4329 nascenti
432 4264 559 4348 adhuc,
582 4289 643 4331 nec
664 4273 743 4332 satis
764 4269 911 4344 aduitae,
935 4273 1089 4337 defuisse.

277 4370 303 4420 1.
342 4363 448 4437 Sequar
466 4385 484 4420 a
502 4374 529 4420 te
544 4371 749 4438 praescriptum
760 4370 898 4441 smmum.
918 4373 1036 4428 modum
1055 4371 1267 4442 disputationis
1287 4393 1301 4427 a
1320 4381 1346 4424 te
1364 4391 1367 4416 ε
