2890 4790
546 211 688 278 CAPUT
727 213 771 276 V.
1099 239 1103 246 ’
1233 217 1274 280 33

528 376 721 432 CAPUT
756 379 789 430 V.

119 487 254 566 Terra,
292 492 354 553 etsi
384 491 553 573 aliquanto
584 491 694 572 specie
715 487 846 568 differt,
888 492 924 552 in
947 493 1142 556 universum
1164 497 1274 553 tamen

43 582 96 635 ant
115 575 216 637 silvis
237 572 395 646 horrida,
418 584 476 636 ant
495 571 672 656 paludibus
693 569 805 636 foeda:
841 571 1029 653 humidior,
1052 593 1117 654 qua
1139 571 1273 652 Galliae,

41 659 231 734 ventador,
254 678 321 739 qna
341 656 507 719 Noricum
527 676 566 718 ac
587 656 790 718 Pannoniam
809 659 947 739 aspicit3
970 659 1049 719 satia
1070 659 1179 732 ferax,
1203 661 1275 720 fru-

42 741 227 822 giferarum
247 742 410 802 arborum
430 741 627 824 impatiens,
663 759 824 824 pecorum
851 739 1011 816 fecunda,
1050 738 1109 800 aed
1130 741 1275 822 plerum-

42 843 104 905 que
133 826 337 906 improccra.
393 822 446 885 Ne
477 825 636 885 armentia
666 819 800 906 quidem
834 843 914 884 suna
945 823 1054 884 honor
1082 831 1141 884 aut
1168 823 1275 909 gloria

42 909 176 968 nuntia:
201 927 342 968 numero
356 905 519 993 gaudent,
542 926 664 988 eaeque
677 907 766 968 solae
779 915 812 966 ct
865 908 1030 968 atissimae
1043 924 1122 987 opes
1135 915 1221 968 sunt.
1234 937 1276 949 -

42 989 229 1075 Argentum
257 998 292 1051 et
318 1010 439 1052 aurum
469 991 609 1073 propitii
639 1010 681 1052 an
707 991 788 1050 irati
843 992 865 1050 'i
894 990 1108 1077 negaverint,
1149 988 1273 1052 dubito.

43 1071 109 1134 Nec
130 1079 247 1136 tamen
275 1074 535 1151 affirmaverim,
572 1073 697 1135 nullam
727 1070 925 1136 Germaniae
951 1091 1071 1136 venam
1100 1081 1276 1159 argentum

41 1175 205 1218 aurumve
252 1157 260 1171 ⁰
306 1176 372 1218 erc.
417 1156 499 1238 Quis
521 1157 611 1218 enim
631 1163 798 1219 scrutatur
820 1158 890 1218 est?
928 1155 1137 1218 Poeaeasioue
1158 1165 1191 1218 et
1211 1161 1277 1218 usu

42 1237 127 1300 band
148 1241 252 1322 proin
278 1241 521 1302 eafficiuntur.
565 1239 624 1300 Eat
650 1237 767 1302 videre
794 1237 883 1322 apud
913 1239 986 1302 illos
1007 1249 1163 1322 argentea
1183 1259 1275 1317 vasa,

43 1323 154 1408 legatia
175 1331 213 1384 et
232 1323 443 1406 principibus
465 1341 583 1384 eorum
603 1325 736 1384 muneri
757 1319 849 1400 data,
884 1342 950 1384 non
979 1323 1015 1383 in
1045 1323 1109 1383 alia
1136 1321 1274 1394 vilitate,

43 1425 138 1486 quam
159 1425 249 1488 quae
270 1406 371 1468 humo
392 1406 587 1492 finguntur3
624 1425 813 1488 quanquam
839 1407 984 1488 proximi
1005 1406 1047 1466 ob
1068 1405 1167 1467 usum
1189 1425 1277 1466 com-

44 1489 248 1550 merciorum
286 1507 407 1550 aurum
442 1497 475 1550 et
510 1497 686 1574 argentum
721 1489 756 1548 in
791 1491 900 1572 pretio
934 1488 1058 1550 habent
1087 1492 1276 1572 formasque

43 1569 202 1652 quaedam
233 1581 367 1633 nostrae
392 1573 553 1655 pecuniae
581 1579 763 1658 agnoscunt
790 1581 889 1655 atque
918 1573 1062 1658 eligunt:
1097 1574 1276 1634 interiores

43 1653 228 1736 simplicius
250 1662 285 1715 et
309 1655 478 1737 antiquius
506 1657 752 1740 permutatione
781 1657 944 1716 mercium
971 1663 1124 1716 utuntur.
1174 1653 1277 1717 Pecu-

43 1739 128 1796 niam
150 1737 299 1820 probaut
317 1745 465 1800 veterem
487 1746 520 1800 et
541 1736 601 1800 din
622 1746 754 1815 notam,
785 1747 931 1800 serratos
958 1737 1161 1823 bigatosque.
1212 1737 1277 1798 Ar·

42 1829 175 1904 gentum
197 1841 333 1903 qnoque
353 1822 456 1904 magia
477 1841 577 1902 quam
597 1841 720 1883 aurum
741 1829 950 1904 sequuntur,
986 1821 1076 1882 nulla
1103 1821 1277 1882 affectione

42 1905 159 1976 animi,
200 1902 262 1964 aed
291 1905 370 1986 quia
395 1923 554 1966 numerus
576 1911 810 1992 argenteorum
831 1903 961 1966 facilior
982 1905 1061 1966 naui
1082 1911 1132 1966 est
1151 1903 1277 1988 promi-

42 2005 117 2048 acna
138 2003 179 2047 ac
201 1988 286 2049 vilia
305 1988 537 2049 mercantibus.
1152 1997 1156 2009 ·

109 2108 135 2157 1.
175 2101 280 2164 rm,
298 2106 352 2157 etat
370 2105 517 2174 aliquanto
534 2106 622 2174 aperie
639 2101 739 2172 differt
755 2131 792 2144 -
806 2104 955 2174 paludibua
967 2101 1071 2172 sceda,
1100 2121 1127 2157 v.
1148 2103 1184 2157 ad
1203 2097 1228 2157 c.
1248 2105 1275 2160 2.

42 2192 69 2226 n.
87 2178 113 2228 1.
132 2183 162 2228 at
179 2179 212 2230 aa·
230 2175 291 2228 Par.
311 2183 341 2230 et
359 2175 451 2230 Rhen.
471 2177 542 2228 min.
570 2179 717 2247 aliquanto
737 2181 790 2244 (sc.
812 2195 849 2231 ne
871 2178 945 2242 otio)
965 2183 994 2230 et
1012 2180 1197 2247 aliquantum,
1216 2190 1277 2229 non

41 2248 183 2311 multum,
205 2247 298 2318 long.
336 2247 437 2324 Longe
457 2255 486 2301 et
503 2249 680 2318 plurimum
698 2249 767 2304 Em.
787 2247 823 2302 ad
865 2258 921 2303 uet.
943 2249 1022 2304 Caes.
1042 2253 1086 2306 36.
1126 2248 1204 2316 „Sed
1222 2250 1278 2300 ali-

39 2327 172 2388 quantam
191 2337 252 2390 per
269 2337 299 2374 se
318 2319 448 2374 incertae
473 2321 633 2391 potcstatis.
651 2329 710 2389 est,
744 2322 820 2374 sicut
845 2337 878 2374 co
903 2329 969 2374 nata
995 2321 1137 2375 vocabula
1162 2323 1277 2391 aliquia,

39 2393 232 2478 aliquandiu,
260 2395 388 2464 aliquot,
416 2410 445 2449 v.
465 2407 490 2446 e.
516 2409 608 2462 quum
628 2393 739 2446 dicitur
756 2395 854 2498 a‘l‘a'qua
891 2392 1026 2462 isfirultaa
1045 2395 1140 2459 inest,
1168 2396 1278 2464 aliquot

39 2464 775 2606 13111313211111113311,
795 2463 1162 2597 .tt⁰.'.{..²‘¹.tttt.⁰.·tt
1182 2469 1277 2590 “att

39 2609 120 2683 gebat
138 2607 286 2663 Scheller
302 2609 336 2662 in
354 2611 423 2663 Lex.
443 2608 531 2662 acic.
553 2627 582 2679 p.
604 2607 702 2675 Quint.
723 2612 758 2664 12
775 2625 822 2679 pr.
841 2613 870 2663 ai
887 2627 943 2662 non
959 2613 1054 2678 paulo,
1073 2617 1105 2660 at
1122 2612 1279 2679 aliquanto,

39 2689 67 2732 et
84 2681 146 2736 Cic.
165 2681 261 2734 mm.
281 2697 330 2752 qu.
351 2683 378 2746 5,
396 2685 474 2751 (ipr.
494 2701 533 2735 au
552 2680 630 2736 nibil
645 2683 760 2735 adum?
794 2682 895 2733 Actum
913 2683 1097 2752 aliquantum.
1135 2680 1178 2734 Cf.
1199 2681 1278 2734 Heu·

40 2753 111 2827 ring.
132 2753 173 2806 ad
193 2751 260 2806 Cic.
282 2753 317 2806 de
336 2753 395 2806 div.
414 2755 441 2820 2,
461 2757 487 2808 1.
508 2761 537 2808 et
556 2753 591 2807 de
611 2753 659 2808 off.
680 2759 706 2820 1,
726 2757 753 2808 1.
774 2781 812 2792 -
847 2753 939 2806 sibae
964 2753 997 2805 in
1017 2753 1176 2808 Germania
1195 2761 1280 2806 erant

40 2825 206 2896 Hercynia,
228 2825 268 2889 (c.
287 2829 332 2882 28.
351 2831 396 2882 30.
415 2825 573 2880 Meliboeus
591 2827 679 2889 Ptol.)
698 2827 825 2901 Vogesua
843 2844 864 2880 a.
883 2825 1026 2899 Vosegus,
1046 2823 1172 2890 Abnoba,
1193 2827 1232 2890 (c.
1253 2831 1278 2880 1.

39 2897 117 2950 Silva
136 2897 302 2962 Martiana,
321 2896 389 2952 bod.
409 2898 508 2972 nigra)
533 2897 636 2952 Sndeti
660 2906 789 2966 montes,
817 2895 1054 2965 (Bbbmerwald,
1082 2897 1142 2950 Era
1170 2898 1279 2974 birge)

40 2969 188 3036 Gabreta,
217 2968 437 3046 (Ficbtelgebir
466 2969 640 3037 )Semana,
669 2972 767 3038 Luna,
796 2969 835 3038 (f.
855 2969 1117 3045 Mannhartaberg)
1173 2972 1278 3038 acerris,

39 3041 143 3106 ΠΥ·
192 3059 231 3096 er
248 3041 354 3107 wala)
372 2988 539 3108 Bucffonia,
560 3041 742 3110 (Bucbcnau)
763 3043 862 3098 Gaeaia
880 3043 973 3110 silva,
1001 3041 1088 3109 (Anu.
1109 3049 1135 3110 1,
1155 3045 1199 3098 50.
1221 3045 1279 3098 He-

38 3114 165 3168 tamld
214 3113 471 3189 Teutoburgiensis
489 3115 593 3181 saltus,
623 3115 712 3182 (Anu.
733 3121 769 3182 1,
789 3117 849 3182 60.)
867 3115 1005 3170 Herculis
1024 3117 1114 3181 silva,
1143 3113 1231 3182 (Ann.
1251 3117 1279 3181 2,

39 3189 94 3252 12)
115 3183 318 3252 Baduhennae,
337 3187 426 3253 (Anu.
444 3192 472 3252 1,
491 3190 550 3252 73.)
570 3187 741 3254 Arduenna,
762 3187 849 3253 (Anu.
869 3193 896 3255 3,
915 3189 975 3253 42)
995 3195 1024 3242 et
1042 3189 1125 3242 aliae.
1171 3187 1218 3240 Do
1233 3185 1280 3240 bia

38 3269 63 3310 et
82 3258 245 3312 montibus
264 3257 437 3313 Germaniae
466 3277 493 3312 v.
513 3260 588 3314 Ptin.
609 3264 660 3327 16,
679 3263 705 3316 2.
726 3259 824 3314 Barth.
844 3261 883 3314 11.
902 3275 930 3332 p.
951 3261 1065 3316 5-24.
1087 3268 1116 3313 et
1135 3262 1278 3314 Mannert.

38 3361 70 3372 -
86 3330 249 3400 paredam
259 3328 361 3398 sceda,
388 3331 513 3387 maxime
532 3332 564 3386 in
582 3331 784 3403 westphalia,
811 3333 936 3386 Saxonia
954 3333 1112 3404 interiore,
1133 3333 1215 3386 cuius
1235 3333 1281 3386 rei

2 3455 3 3490 ³
39 3402 321 3531 {tut-tam
335 3404 428 3548 iii}
442 3421 494 3530 52²
517 3405 557 3532 2..
579 3405 660 3530 {bt
670 3423 777 3532 itti
792 3405 975 3544 111111
994 3404 1183 3532 111111
1193 3405 1280 3532 111·

312 3510 321 3540 ²
422 3513 429 3528 ·
558 3513 564 3528 ·
780 3513 788 3544 r
831 3515 839 3532 ·
902 3516 909 3532 ·
967 3515 975 3542 r
1032 3516 1038 3529 ·
1132 3513 1140 3543 ν
1184 3513 1192 3528 ·
1217 3513 1226 3543 a
1271 3515 1279 3530 ·

103 3567 134 3620 2
177 3563 327 3618 midiae
344 3573 401 3633 est,
422 3567 582 3637 (paludibus
593 3565 695 3636 sceda)
714 3585 769 3638 qna
786 3575 870 3638 parte
890 3567 1000 3620 Galliae
1018 3570 1139 3635 aspicit,
1157 3573 1282 3638 propter

40 3639 220 3708 trequentes
238 3636 325 3690 silvas
343 3645 372 3691 et
399 3639 605 3694 inundationes
624 3638 718 3693 Rheni
735 3639 968 3710 fluviorumque,
997 3655 1070 3708 quos
1089 3639 1143 3693 ille
1162 3639 1279 3710 excipit,

41 3716 74 3767 [a.
94 3713 179 3762 Am.
207 3713 254 3774 13,
272 3712 333 3772 31.)
349 3715 505 3772 ventosior,
525 3714 620 3775 (stata
638 3711 767 3778 horrida)
786 3731 841 3783 qua
860 3711 992 3764 Noricum
1011 3731 1043 3764 uc
1062 3711 1148 3765 Peren.
1168 3713 1281 3781 capitit,

40 3801 61 3834 a.
79 3783 128 3836 ad.
152 3799 182 3835 c.
206 3783 236 3832 1.
255 3797 284 3833 n.
305 3785 331 3836 1.
351 3801 406 3853 qua
424 3781 571 3845 Noricam,
589 3801 644 3854 qne
661 3783 748 3838 Pana.
766 3803 792 3836 a.
814 3801 838 3837 c.
858 3783 967 3836 Arund.
1006 3783 1142 3837 humilior
1158 3799 1213 3854 pro
1233 3783 1281 3835 bu·

38 3857 146 3908 aratu
164 3851 252 3906 male
270 3854 345 3906 coni.
366 3853 486 3910 cluver.
507 3863 535 3910 et
553 3855 614 3910 alii.
652 3857 760 3923 „Loca,
780 3871 853 3925 quae
871 3855 986 3910 humida
1004 3865 1034 3910 et
1052 3853 1088 3910 ad
1106 3873 1198 3921 mare,
1217 3873 1279 3908 mae

40 3931 76 3988 εἰι
95 3923 238 3981 obnoxia
253 3926 367 3992 ventis,
387 3943 474 3998 qnam
492 3929 568 3982 sicca
587 3935 617 3983 et
634 3929 854 3982 mediterranea.
891 3927 969 3982 Hinc
993 3932 1134 3984 ventortor
1159 3935 1201 3984 est
1220 3943 1280 3980 ma·

40 3989 78 4060 ii·
96 4001 184 4054 aicoe
206 4002 239 4048 et
256 4001 355 4064 aerea,
374 3999 431 4052 nini
449 4001 505 4077 leg.
524 4003 701 4063 vartieoaior,
719 4001 808 4053 altior
826 4008 855 4055 et
873 4003 1041 4056 montana.“
1064 4002 1142 4072 Lipa.
1183 3999 1281 4052 Vento·

41 4065 344 4198 amata
506 4073 741 4200 raam
758 4073 1280 4199 ε

2 4242 3 4262 r
44 4235 107 4284 qaae
128 4213 238 4270 ventis
256 4159 571 4272 veheffitioriffb’et
589 4181 878 4288 crebrispebflantnr’
891 4184 984 4288 iisque
1001 4165 1110 4290 biubi,
1130 4161 1200 4269 ffiff,
1219 4181 1279 4271 edi,

2 4280 5 4356 *q
45 4291 143 4355 marea,
173 4291 363 4354 montuosae,
391 4289 470 4353 (nam
498 4290 595 4344 crebri
613 4290 701 4344 saltus
716 4297 874 4360 montecqne
892 4307 976 4344 cauae
992 4293 1163 4344 comatoria
1181 4297 1280 4361 tempo

46 4371 160 4422 amau,
182 4359 340 4434 Agr-1⁰.)
359 4366 447 4431 atque
465 4363 535 4418 ariao
554 4362 711 4428 aaltuoaae,
731 4363 897 4428 aiiveatraa3
916 4363 985 4416 Em.
1008 4365 1055 4418 01,
1074 4364 1205 4420 Emmerl.

89 4467 165 4536 opp.
190 4463 257 4516 rae.
280 4461 368 4516 cns.
946 4439 970 4508 3
