2770 4792
197 245 259 314 no
480 203 493 212 ’
612 239 862 306 sennense
885 241 1006 306 vrrs

196 411 276 464 nella
294 415 360 464 arus
377 426 461 472 noca,
491 413 574 464 entes
593 407 729 462 Romanis
747 407 865 483 ignom
892 407 962 462 Brit
980 423 1054 478 pare
1080 403 1186 470 fuerit,
1215 419 1279 474 quae
1295 417 1366 456 none

197 484 258 536 illis
277 482 420 548 castellis,
439 491 575 552 tanquam
595 481 779 554 ὁρμητηρίοις,
798 479 1086 543 misenantium,
1113 478 1224 549 Ber-neg.
1256 486 1282 531 et
1298 483 1332 530 est
1345 475 1366 528 ai

197 556 276 610 verb.
302 563 331 608 et
358 555 394 608 sd
417 558 567 610 illucessita
585 553 788 618 referendum
815 553 891 606 Beck.
929 562 961 606 ut
988 555 1066 606 nulla
1092 559 1159 605 ante
1181 551 1226 604 Br.
1248 568 1308 603 nora
1326 567 1367 616 pon

196 637 279 681 antes
298 627 465 681 allemanie
485 634 648 702 expugnata
666 633 695 680 et
718 625 888 696 provinciae
914 624 996 680 Rom.
1021 625 1150 690 adiectu,
1187 623 1290 694 (quales
1310 628 1367 690 parts

196 700 299 754 crebro
318 717 334 753 a
354 700 479 754 barbaris
498 707 663 766 tentantur,
683 698 707 752 si
726 700 846 752 tortasse
866 700 997 769 recipere
1014 697 1140 768 possint)
1159 697 1201 749 ita
1219 716 1238 749 s
1255 695 1292 748 sic
1307 713 1323 746 s.
1340 701 1367 744 tu

196 773 294 842 (quale
313 779 363 825 ant
382 772 508 839 excidit,
528 781 577 826 sut
594 771 789 842 supplendum
809 773 864 835 est)
883 773 1048 834 illucessita,
1075 773 1170 822 minus
1188 788 1205 822 s
1223 766 1337 823 Romanis
1351 765 1367 846 li

196 846 315 912 cessits,
342 849 489 900 transierit
506 863 522 898 e
541 845 646 899 ceteris
664 843 811 898 Britannis
830 851 859 898 et
876 844 977 898 liberis
995 844 1032 898 ed
1048 843 1210 907 Romanos;
1228 841 1289 894 Ern.
1305 839 1367 891 Driu

196 917 300 972 Droni.
319 917 391 988 ling.
418 917 510 972 Klein.
557 918 600 972 De
625 916 682 969 elia
707 917 863 970 verborum
892 917 1084 988 explicatione
1115 933 1142 967 v.
1172 913 1209 968 ad
1231 915 1263 966 H.
1282 916 1310 977 i,
1325 913 1367 974 5,t

196 999 226 1044 ut
244 1009 271 1044 n.
291 1009 317 1042 a.
336 991 382 1042 Br.
402 999 470 1044 ncta
484 1007 570 1060 pars,
589 990 671 1042 nulls
690 1007 761 1064 gens
781 1007 816 1042 ex
834 997 917 1043 entes
936 989 1081 1076 cognitis,
1101 991 1249 1042 illucessita
1263 987 1367 1039 nussim

197 1062 317 1116 castella
334 1064 535 1132 praeterierit,
555 1063 631 1116 coni.
652 1062 743 1116 Gron.
761 1070 795 1114 nt
812 1069 997 1134 prospexerit
1015 1061 1132 1114 Tacitus
1152 1077 1224 1129 quse
1243 1059 1311 1112 dixit
1326 1057 1367 1110 ci

198 1137 303 1188 Tertius
328 1136 530 1205 expeditionum
560 1154 650 1190 annue
676 1153 761 1188 novas
784 1143 876 1205 gentes
903 1140 1018 1204 aperuit.
1060 1139 1092 1186 ut
1124 1135 1203 1186 nulla
1229 1131 1286 1186 inde
1306 1133 1367 1194 (ext

196 1208 281 1272 loco,
309 1208 357 1260 vel
376 1208 495 1276 exinde,
520 1207 637 1277 abhinc)
661 1225 737 1261 corr.
758 1205 846 1260 som.
866 1207 947 1277 prob.
967 1207 1016 1260 Ob.
1036 1205 1136 1260 Bloch.
1158 1213 1187 1260 et
1205 1203 1338 1274 Anquetil.
1365 1219 1367 1250 i

196 1282 275 1334 nulla
293 1287 352 1334 arte
370 1281 433 1350 Bip.
469 1289 499 1336 ut
525 1285 604 1336 nulla
626 1299 708 1352 aeque
723 1282 922 1334 -illacessita
949 1281 995 1346 (in
1020 1287 1192 1349 potestatem
1214 1277 1367 1332 Romanonn

194 1357 339 1408 amiserit
363 1353 477 1407 Peerlk.
514 1362 546 1408 ut
567 1373 615 1418 ea,
643 1362 674 1406 ut
697 1354 800 1420 (sicut)
827 1355 905 1408 nulla
930 1351 1020 1406 Doed.
1043 1371 1114 1406 noea
1135 1369 1205 1422 pars
1228 1355 1311 1420 magis
1333 1347 1367 1400 ills

194 1429 329 1480 manserit
346 1426 378 1477 V.
399 1426 433 1478 Ι).
455 1427 486 1480 in
504 1425 627 1498 Epheso.
646 1427 690 1478 lit.
710 1427 773 1480 Jen.
793 1443 818 1480 s.
839 1429 917 1482 1816.
938 1443 975 1479 so.
997 1428 1057 1480 127.
1096 1431 1127 1478 ut
1147 1427 1228 1478 nulla
1246 1431 1304 1476 arete
1318 1421 1355 1472 Br.

194 1500 269 1568 pars.
306 1497 461 1552 Illacessita
478 1503 594 1554 narsiti
611 1517 722 1570 sequens
740 1497 825 1553 hiems
843 1498 961 1564 Susius,
993 1515 1096 1552 verum
1120 1498 1286 1551 coniectum
1306 1503 1368 1568 essen

194 1580 241 1624 tus
260 1569 368 1624 iudicio
388 1570 512 1624 Gurlitti
532 1573 565 1624 in
584 1571 727 1625 animadv.
748 1571 783 1624 ad
801 1579 933 1625 auctores
951 1578 1009 1624 vet.
1043 1569 1126 1640 Spsc.
1147 1571 1201 1625 111.
1222 1587 1250 1640 p.
1268 1573 1292 1625 o.
1310 1565 1368 1616 Ham

195 1647 274 1700 teos.
318 1642 404 1696 Nihil
428 1650 526 1699 temen
553 1644 660 1698 horum
683 1660 802 1714 prorsus
824 1644 907 1698 nobis
941 1643 1099 1709 satisfacit,
1137 1649 1170 1694 nt
1199 1660 1255 1697 nec
1286 1635 1368 1691 uun

195 1718 247 1787 qsai
266 1713 348 1770 adh.
368 1715 389 1768 l.
417 1724 446 1769 et
470 1717 501 1770 in
525 1717 669 1772 Meletem.
698 1717 765 1770 crit.
785 1733 814 1786 p.
833 1720 949 1772 8-11.
981 1716 1021 1769 its
1039 1715 1214 1785 disputarit:
1244 1713 1368 1782 „otum

194 1788 367 1844 sententiam
394 1789 581 1842 illustrabunt
600 1797 629 1844 et
647 1789 778 1842 vicissim
796 1787 866 1842 hine
885 1788 1110 1843 illustrabuntur
1126 1787 1218 1842 rerba
1236 1803 1260 1840 c.
1279 1787 1319 1842 22
1348 1781 1368 1834 T<

193 1867 249 1916 tius
280 1861 479 1930 expeditionum
508 1881 597 1916 minue
614 1889 651 1902 -
668 1864 791 1932 spatium
809 1861 880 1930 suit.
911 1889 944 1904 -
992 1863 1104 1916 crebrae
1130 1865 1290 1931 eruptiona
1318 1855 1368 1908 oi

197 1935 303 2002 Quarta
321 1943 412 1989 aestu
432 1936 604 1996 obtinendis,
632 1953 701 2006 quae
715 1943 904 2005 percurrerat,
933 1939 1080 2004 insumpta.
1126 1935 1188 1988 lem
1215 1951 1251 1987 ex
1268 1931 1310 1982 his
1326 1943 1368 1995 qus

195 2008 326 2072 eluceat,
360 2007 501 2060 Romanos
534 2007 654 2061 castella
677 2007 881 2078 praesidiaque
904 2025 954 2060 sua
978 2007 1118 2061 direxism
1141 2023 1200 2060 non
1228 2013 1351 2064 tentiam,

195 2079 371 2133 defectiones
390 2079 555 2134 deditorum
574 2081 786 2150 reprimerent,
818 2097 920 2134 verum
947 2081 1053 2147 edam,
1081 2087 1115 2132 nt
1133 2079 1263 2133 nondum
1281 2075 1368 2130 sutae:

194 2149 359 2205 lacessendo
389 2152 550 2221 crebroque
583 2152 758 2206 incursando
789 2170 824 2210 ex
848 2153 1033 2207 communitis
1059 2151 1150 2218 locis,
1182 2151 1222 2204 sd
1246 2147 1368 2204 deditioni

195 2223 426 2294 compellerent,
446 2225 518 2278 olim
537 2224 664 2278 conieci:
686 2225 787 2293 Quibus
805 2227 883 2279 reius
900 2225 1136 2280 -circumdatae
1154 2225 1252 2290 (tauta
1269 2226 1365 2276 ratione

193 2315 263 2351 noea
280 2300 361 2366 pare)
381 2299 547 2351 illucessitae
563 2303 739 2352 nuntiarunt.
778 2299 865 2353 Nunc
890 2297 1007 2351 malim:
1044 2298 1145 2366 Quibus
1170 2299 1251 2351 relus
1277 2315 1310 2349 m.
1334 2296 1368 2343 n'n

192 2389 261 2442 quae
280 2369 318 2422 ad
334 2373 415 2424 illum
432 2370 505 2425 diem
522 2397 560 2412 -
577 2375 650 2426 irum
663 2389 791 2440 posuere:
821 2389 890 2442 quae
909 2371 1059 2442 praesidiis
1085 2389 1106 2423 c.
1126 2371 1313 2424 circumdatae
1330 2365 1369 2433 [lm

193 2448 302 2497 ratione
321 2451 347 2495 et
364 2461 445 2506 curu,
476 2451 581 2514 quartia
605 2445 683 2498 nulla
701 2463 727 2497 a.
747 2463 773 2498 n.
793 2443 838 2496 Br.
854 2445 935 2514 pars)
954 2447 1118 2499 illucessitae
1135 2449 1313 2497 transierunt.
1346 2437 1369 2490 St

193 2534 254 2569 sus:
281 2517 384 2569 multae
403 2521 538 2578 deitates,
568 2535 638 2589 quae
655 2517 694 2572 ad
709 2517 740 2571 id
755 2525 860 2586 tempus
877 2536 908 2570 ea
925 2535 1010 2588 aequo
1033 2519 1079 2582 (ut
1095 2533 1177 2587 pares
1196 2519 1268 2570 bello
1294 2509 1369 2583 apli

193 2593 244 2654 34,
262 2589 322 2654 57.)
342 2599 470 2661 egerant,
491 2588 619 2656 (welche
638 2591 694 2643 mit
713 2589 889 2643 Nschdrnck
907 2588 1005 2644 bisher
1022 2589 1254 2656 widerstenden)
1272 2587 1369 2658 postqu'

193 2677 295 2715 recens
313 2669 438 2717 vastatae
455 2663 559 2718 obsides
576 2663 722 2723 dederant,
751 2662 867 2732 (quibus
892 2679 993 2732 pacem
1012 2663 1218 2732 impetrarent)
1246 2667 1319 2715 iram
1341 2667 1369 2706 tul

191 2753 320 2804 posuere.-
339 2736 428 2804 oliae,
447 2737 599 2806 praesidiis
616 2739 789 2808 castellisque
805 2736 1001 2799 circumdatae,
1025 2735 1119 2801 (tassia
1137 2740 1250 2789 ratione
1269 2749 1302 2786 ac
1320 2727 1369 2782 soil

193 2808 246 2874 tis,
266 2817 374 2879 quanta
393 2811 476 2862 nulla
494 2817 562 2862 ante
580 2825 682 2862 recens
702 2816 810 2862 vastata
828 2807 964 2862 Romanis
990 2809 1070 2878 pars)
1098 2815 1202 2878 sponte
1228 2825 1282 2861 sna
1308 2803 1341 2857 ed
1362 2797 1369 2878 l

193 2897 291 2933 manos
310 2883 464 2944 trmsiere,
492 2887 526 2933 ut
553 2899 587 2934 ne
615 2883 714 2934 lacessi
737 2881 855 2950 quidem
882 2897 928 2935 eos
953 2897 1025 2952 opus
1052 2889 1125 2936 esset
1148 2898 1183 2935 ex
1207 2879 1258 2932 his
1285 2873 1369 2930 castel

193 2952 277 3017 (ohne
294 2957 398 3023 gereizt
414 2954 521 3007 werden
545 2971 580 3006 au
606 2953 732 3022 deiden).
770 2953 852 3007 eant.
881 2954 969 3008 verbe
994 2953 1058 3008 Lis.
1078 2957 1133 3019 34,
1149 2957 1193 3009 57.
1240 2953 1311 3006 Esse
1334 2955 1369 3000 afli

192 3029 253 3077 tria
279 3043 382 3095 genera
393 3023 553 3093 foederum,
586 3025 685 3096 quibus
703 3031 779 3080 inter
794 3043 823 3079 se
837 3029 1046 3097 paciscerentur
1063 3029 1210 3080 amicitias
1230 3029 1360 3078 civitates

191 3115 297 3168 pesque.
339 3097 450 3160 Unum,
473 3115 557 3172 qaum
579 3099 650 3152 bello
677 3103 761 3153 uictis
785 3099 942 3152 dicerentur
958 3103 1042 3170 leges.
1081 3097 1137 3152 Ubi
1162 3102 1241 3152 enirn
1269 3097 1363 3150 omniu

191 3173 243 3242 qui
260 3173 349 3224 armis
366 3173 431 3240 plus
448 3180 557 3240 posset,
589 3173 685 3225 dedita
703 3181 811 3234 essent,
839 3191 909 3244 quae
936 3191 968 3228 ec
993 3175 1032 3226 iis
1056 3170 1153 3225 habere
1179 3177 1293 3234 victos,
1328 3169 1369 3240 qai

192 3245 324 3296 mulctari
341 3261 386 3298 eos
405 3247 490 3306 uelit,
523 3249 612 3316 ipsius
636 3249 681 3299 ius
710 3254 739 3298 et
764 3245 916 3300 arbitrium
940 3263 1003 3300 esse.
1040 3247 1186 3308 Alterum,
1212 3263 1305 3316 quum
1322 3255 1369 3310 put

192 3317 280 3388 bello
298 3315 445 3390 aequos
447 3317 570 3372 cedere
589 3323 620 3372 in
635 3336 734 3388 pacem
753 3328 835 3390 atque
853 3323 1013 3373 amicitiam
1031 3322 1173 3372 uenirent.-
1197 3325 1274 3372 tunc
1293 3319 1365 3370 enim

188 3394 249 3459 peti
266 3391 392 3462 reddique
407 3407 459 3459 per
475 3395 682 3446 conventionem
700 3411 751 3446 res.
790 3393 913 3446 Tertium
932 3409 1110 3464 magenes,
1135 3409 1236 3462 quum,
1267 3395 1319 3462 qui
1336 3387 1369 3438 ho

190 3463 722 3604 tt”t“tttt‘lii;„ttuiiitt
735 3463 1369 3595 tti“its⁰ti“i5:”„ttitt⁸tt⁴5tttt

284 3579 286 3584 ’
792 3577 799 3590 ’
861 3575 870 3604 t

189 3627 251 3663 cum
269 3629 322 3682 quo
341 3631 390 3664 nec
399 3608 525 3679 foedere,
544 3629 593 3666 nec
609 3616 704 3682 aequis
723 3613 828 3682 legibus
847 3616 1009 3684 iungeretur
1025 3614 1172 3670 micitia,
1191 3629 1255 3664 non
1272 3613 1358 3680 prius

187 3685 267 3754 perio
287 3689 318 3737 in
337 3703 396 3738 eum
416 3691 549 3756 tunquam
563 3693 699 3756 pacatum
717 3688 778 3745 uti,
811 3703 893 3755 quam
912 3689 1008 3740 omnia
1024 3685 1123 3738 diuina
1140 3685 1326 3754 humanaque
1345 3679 1369 3731 dt

188 3764 246 3816 set,
265 3757 405 3810 olsidee
423 3762 541 3827 accepti,
559 3775 641 3811 arma
659 3760 801 3825 adempta,
817 3760 1009 3826 praesidia
1027 3758 1138 3812 urbibus
1157 3759 1308 3824 imposita
1319 3753 1369 3822 sor

189 3828 283 3881 Verba
302 3837 398 3882 antem
416 3835 540 3884 transire
568 3838 597 3884 et
620 3834 757 3884 transitio
782 3839 841 3883 mm
867 3832 903 3885 ad
928 3839 1033 3885 statum
1060 3839 1089 3884 et
1115 3829 1329 3884 conditionem
1349 3827 1369 3876 it

189 3899 327 3972 publica,
348 3901 537 3972 (inlorporirt
555 3905 678 3964 werden,
697 3911 731 3956 nt
749 3924 767 3956 a
781 3908 915 3974 patriciis
934 3905 972 3958 ad
984 3904 1090 3974 plebem
1107 3906 1252 3967 transire)
1282 3919 1369 3971 quam

187 3973 263 4027 hanc
283 3974 375 4044 ipsam
394 3977 500 4030 referri
518 3977 631 4042 solent,
662 3977 859 4048 (einbdrgern)
888 3984 915 4031 et
940 3976 1070 4030 absolute
1094 3975 1180 4046 poni,
1218 3982 1260 4028 ut
1288 3975 1367 4026 Arm.

187 4049 231 4102 Ἃ.
252 4047 314 4098 Lir.
336 4051 369 4114 1,
388 4049 431 4102 ²7.
451 4053 501 4113 26,
522 4051 564 4105 12.
603 4049 647 4103 Gi.
673 4049 761 4102 Drek.
787 4049 823 4103 sd
848 4050 910 4103 [aiv.
930 4054 964 4114 2,
983 4051 1036 4115 25,
1058 4053 1082 4104 1.
1111 4055 1141 4102 et
1167 4046 1254 4102 cort.
1289 4047 1332 4100 ad
1356 4045 1369 4098 l

188 4137 232 4190 cp·
251 4125 285 4184 9,
304 4123 339 4176 fir
368 4121 538 4175 illucessitae
567 4127 759 4186 transierunt,
788 4131 822 4175 ut
838 4141 934 4192 pacem
953 4124 1101 4176 illucessiti
1117 4123 1293 4174 nutrierunt
1316 4121 1354 4173 G.

188 4193 343 4267 ingeniosa
361 4191 448 4258 heeo;
476 4211 550 4264 quse
567 4203 664 4249 tamen
683 4197 775 4270 magis
793 4195 959 4250 arriderent
978 4194 1076 4259 nobis,
1095 4193 1119 4248 si
1139 4193 1239 4246 sninns
1263 4191 1369 4247 offeni

187 4281 250 4318 mus
269 4266 301 4319 in
320 4267 499 4321 correctione
518 4273 561 4320 tot
579 4269 735 4322 verborum
755 4275 784 4322 et
803 4269 835 4321 in
859 4268 1088 4340 participiormn
1115 4266 1360 4330 coniunctione,

187 4339 332 4392 cumdatae
349 4367 385 4380 -
404 4341 569 4394 illucessitae
586 4345 779 4406 transieruntc
808 4357 875 4394 nem
899 4357 957 4395 non
986 4341 1085 4394 eedem
1103 4337 1264 4410 reperitur
1288 4357 1319 4393 c.
1341 4341 1369 4394 a

189 4417 217 4461 et
235 4415 261 4466 t,
300 4412 482 4468 Probabilior
506 4420 549 4468 est
572 4414 735 4470 emendatio
759 4413 866 4470 Moebii
892 4414 923 4468 in
949 4413 1082 4469 Seebodii
1107 4412 1175 4466 bibl.
1202 4412 1283 4464 crit.
1308 4431 1337 4466 a.
1360 4415 1369 4467 1
