2756 4792
182 183 243 247 380
481 183 706 250 DIALOGUS
727 185 786 250 DE
809 185 1098 295 OlleORlBUS.

181 369 266 422 quus,
293 355 326 401 ut
352 349 389 403 sl.
408 359 487 405 setus
505 351 651 422 scriptor,
680 359 756 407 estes
780 361 835 407 cet.
861 372 889 408 v.
908 353 943 406 sd
963 351 1037 406 Anu.
1059 357 1092 418 1,
1113 359 1148 420 l,
1168 357 1194 409 3.
1214 379 1251 392 -
1272 351 1376 406 Ulirus

182 421 282 476 Nestor
308 429 438 476 oratores
461 423 641 478 Graecorum
664 425 861 494 antiquissimi
890 433 918 480 et
943 425 1139 480 celeberrimi.
1186 423 1279 480 Ultra
1296 425 1336 478 ed
1353 439 1376 492 pt

182 495 233 548 Dr.
254 495 298 548 Os.
318 495 366 548 Or.
405 493 503 568 Ulyxu
522 497 586 550 Put.
606 496 670 549 llir.
690 499 754 552 Ber.
784 497 891 570 Ulqsm
908 497 1001 554 ilben.
1022 506 1081 552 tres
1101 505 1131 552 et
1149 499 1204 552 rel.
1224 517 1252 552 v.
1271 497 1305 552 ad
1322 497 1354 550 G.

182 585 211 621 n.
230 569 255 622 5.
275 591 310 608 -
342 569 417 621 mille
435 567 499 637 sere
524 577 552 620 et
574 576 703 624 umentis
727 574 814 624 annis
841 571 964 626 totidem
994 569 1091 624 literis
1110 570 1187 625 MSS.
1208 571 1272 624 Vct.
1291 567 1376 624 ethin

182 639 245 694 edd.
271 657 329 692 rec.
358 639 402 692 GC
417 645 500 694 annis
526 639 590 694 edd
620 649 677 696 vet.
702 650 732 696 et
758 643 861 696 lleum.
905 642 961 698 Sed
980 661 995 697 e
1014 643 1123 696 Petevii
1141 643 1301 698 rationibus
1318 641 1376 694 'lboi

179 709 478 856 illinitis}
486 711 703 855 ill'uimqti'
705 715 762 840 ‘lii
780 715 1117 841 ititffl‘littdili
1135 716 1257 859 pepp).
1272 715 1376 856 1ῗίῗὶιῖ

606 824 614 852 ,
1171 829 1177 841 .
1254 827 1262 841 .
1307 826 1313 840 .

180 857 257 912 citer
280 859 351 914 1270
376 859 464 922 ιιιιιί;
492 859 569 910 Brut.
594 867 623 912 et
650 859 709 911 Solu
749 859 792 913 01.
812 860 887 914 Vel.
908 865 943 926 1,
962 864 989 916 8.
1025 861 1094 914 mile
1110 826 1191 916 ’mse
1209 863 1273 914 Vct.
1292 859 1332 915 ed.
1352 859 1376 911 lb

180 938 210 986 et
228 929 272 984 Os.
310 929 427 997 „llecte
453 949 480 984 v.
506 930 585 984 dicte
610 931 643 984 in
669 931 793 1002 prem.
820 933 865 986 lit
895 933 959 986 Hel.
984 951 1008 986 ι.
1038 934 1117 988 1827.
1136 931 1239 1004 Suppl.
1259 935 1376 1000 11191

178 1005 261 1060 387.”
283 1003 329 1056 Os.
369 1003 412 1055 01.
442 1002 554 1058 Grotel.
581 1003 681 1056 Grem.
702 1005 739 1058 ll.
758 1001 789 1072 5.
810 1009 871 1062 169.
891 1008 953 1061 185.
974 1009 1033 1062 190.
1054 1013 1084 1058 et
1103 1004 1138 1058 ed
1157 1006 1194 1059 G.
1212 1011 1256 1062 33.
1276 1024 1305 1058 n.
1324 1009 1350 1058 ³..
1365 1031 1376 1042 -

178 1074 385 1129 Demosthenem
415 1082 441 1126 et
462 1075 626 1146 Hyperidem
636 1076 780 1202 profertis
806 1095 869 1148 cup.
894 1080 938 1132 12.
972 1077 1111 1150 perficitis
1138 1079 1182 1132 ed.
1202 1096 1247 1148 pr.
1263 1082 1376 1150 percipit

178 1149 240 1202 Put.
260 1147 325 1201 Riv.
346 1147 410 1202 Ber.
431 1145 523 1201 Rhen.
544 1156 616 1216 tres,
661 1167 742 1202 runc.
763 1143 826 1204 col.
864 1149 921 1204 Sed
949 1149 1022 1204 bene
1037 1148 1175 1222 preses-tie
1194 1149 1377 1214 substituitb

177 1221 272 1290 psius,
293 1236 388 1289 neque
408 1237 443 1274 ex
462 1221 604 1296 ingenio,
633 1221 683 1274 sed
708 1239 722 1276 e
742 1239 766 1274 c.
787 1221 873 1275 Farn.
893 1241 962 1276 num
983 1223 1015 1276 in
1038 1223 1083 1278 ed.
1104 1228 1130 1279 1.
1149 1221 1221 1277 boec
1240 1219 1377 1276 annotavit

178 1293 244 1360 „lta
263 1293 359 1347 Vetus.
380 1299 418 1361 (c.
439 1291 536 1360 Furn.)
555 1293 619 1346 Alii
636 1297 812 1366 percipitis.”

249 1385 275 1436 6.
313 1399 370 1434 non
391 1385 591 1454 multoplures
608 1403 691 1454 quam
709 1385 902 1438 GCCCunnoss
920 1383 1034 1439 habitus
1054 1386 1132 1439 enim
1151 1383 1201 1437 bic
1218 1401 1314 1438 sermo
1332 1399 1377 1436 ent

177 1453 582 1582 instituente?
601 1457 758 1582 tull?
774 1452 851 1596 te
871 1456 1002 1592 111
1017 1457 1085 1584 11.
1105 1454 1229 1578 let.
1243 1457 1377 1592 1311

177 1614 260 1663 cero,
286 1598 337 1667 qui
360 1597 418 1651 ism
442 1607 508 1654 ante
529 1563 605 1653 ’CXX
630 1617 720 1654 annos
741 1563 875 1666 iibierat,
905 1602 947 1666 (v.
973 1615 1008 1652 cs
1030 1639 1037 1651 .
1064 1600 1123 1662 17.)
1141 1597 1177 1652 de
1196 1597 1287 1650 divin.
1307 1601 1344 1662 2,
1361 1599 1377 1650 il

176 1669 295 1736 scribit,
326 1670 536 1725 Demosthenem
559 1672 661 1726 abhinc
686 1690 776 1726 annos
801 1689 888 1741 prope
917 1670 981 1722 CCC
1012 1676 1101 1736 uisser
1127 1669 1188 1724 Sei.
1226 1669 1309 1721 llinc
1329 1665 1377 1720 CCC

175 1761 264 1796 annos
283 1759 358 1798 corr.
377 1745 458 1814 Lips.
478 1743 557 1814 quod
575 1761 713 1814 recepere
731 1743 813 1798 Pich.
833 1745 911 1797 Brot.
931 1743 1004 1796 Ern.
1025 1744 1063 1798 sl.
1084 1743 1245 1797 occasum
1263 1741 1330 1794 edd.
1350 1755 1377 1800 ce

176 1813 255 1884 quod
278 1815 355 1870 mele
383 1815 514 1870 defendit
538 1815 681 1871 Schumll.
701 1846 738 1858 -
764 1817 838 1888 quod
858 1819 1002 1886 spatium.-
1040 1815 1074 1868 in
1097 1815 1142 1868 ed.
1160 1833 1207 1886 pr.
1234 1833 1290 1886 quo
1309 1834 1377 1884 sp.-

174 1887 256 1942 lsuius
274 1893 403 1942 immensi
419 1892 483 1942 aeui
499 1906 599 1943 omnes
620 1889 683 1942 edd.
705 1889 862 1944 anteBrot.
883 1887 961 1958 quod
980 1887 1103 1942 retinuit
1113 1887 1229 1958 lipsius
1249 1904 1264 1940 e
1286 1905 1312 1941 c.
1324 1887 1377 1938 Fas

176 1961 220 2014 cf.
248 1960 284 2014 ud
310 1978 334 2014 c.
363 1965 387 2015 1.
414 1979 443 2014 n.
468 1966 495 2018 3.
534 1965 666 2015 immensi
689 1961 769 2016 huius
794 1968 855 2016 aeui
873 1979 909 2016 ex
926 1959 1004 2016 Mss.
1025 1961 1104 2024 vm,
1132 1959 1165 2012 in
1191 1959 1301 2029 quibus
1319 1957 1377 2011 mul

174 2039 244 2086 sunt
267 2050 423 2104 perperam
448 2041 575 2100 mutate,
601 2035 713 2106 primus
738 2036 852 2105 recepit
870 2035 948 2088 Brot.
974 2041 1070 2100 retus,
1096 2032 1172 2085 illud
1198 2033 1290 2102 paulo
1310 2031 1377 2084 duri

175 2122 252 2171 esse3
272 2105 350 2176 quod
367 2103 445 2160 haud
464 2105 652 2161 crediderim.
671 2137 708 2148 -
727 2109 845 2162 brevest
863 2113 893 2161 in
908 2109 1039 2177 proximo
1058 2114 1113 2166 eet,
1132 2123 1159 2158 v.
1179 2104 1216 2158 nd
1235 2104 1313 2157 Ann.
1332 2109 1363 2168 1,

246 2197 272 2251 7.
311 2193 386 2249 Num
404 2201 440 2263 ei,
459 2206 491 2250 ut
510 2199 602 2250 Cicero
621 2203 652 2252 s'n
666 2199 818 2252 Hortensio
836 2199 940 2259 scribit,
960 2197 993 2250 in
1012 2197 1090 2252 libro
1111 2195 1267 2268 deperdito
1288 2195 1324 2248 de
1342 2193 1377 2264 pb

174 2269 239 2322 loeo
259 2267 327 2333 hia3
348 2268 408 2322 sch.
427 2299 464 2311 -
482 2289 604 2343 magnus
622 2279 648 2323 et
666 2289 744 2325 uerus
763 2289 870 2325 mnus:
905 2269 1026 2342 „Mugm'
1050 2276 1121 2324 anni
1145 2267 1296 2341 originem
1318 2265 1377 2336 exp]

174 2348 220 2394 cet
239 2286 359 2396 genius
384 2341 421 2396 sd
438 2343 519 2419 Virg.
540 2344 609 2398 Aen.
629 2349 663 2412 3,
688 2347 751 2401 281.
772 2342 818 2398 his
837 2343 949 2400 verbis:
986 2347 1109 2414 Antiqui
1126 2350 1254 2410 tempora
1274 2339 1377 2394 ciderib

173 2415 374 2484 computabunt
392 2423 420 2466 et
437 2417 567 2470 dixerunt
580 2421 677 2488 primo
696 2419 709 2471 1
714 2437 732 2470 u
740 2437 861 2471 narem
879 2435 983 2471 menum
1000 2415 1081 2469 XXX
1098 2415 1223 2468 dierum.-
1248 2414 1319 2467 sorde
1339 2415 1369 2463 in

173 2492 252 2542 nitur
270 2493 300 2542 in
318 2489 456 2560 aliquibus
475 2495 534 2542 vitu
552 2491 602 2544 110
617 2509 775 2552 annonari,
802 2509 838 2544 sc.
858 2493 1008 2545 lunarium.
1047 2488 1144 2542 Postea
1172 2505 1207 2550 qo
1215 2489 1358 2540 letitia

172 2579 264 2615 annus
281 2570 406 2632 repertus
425 2571 484 2625 est,
504 2569 553 2634 qus·
570 2564 630 2617 ΧΠ
645 2581 750 2619 menses
767 2568 898 2618 contenet.
936 2563 1002 2617 Mos
1019 2564 1130 2616 maiore
1143 2576 1211 2612 curs
1240 2577 1374 2628 magun

172 2651 299 2688 annunt
318 2653 373 2688 esse
392 2637 550 2699 subierunt,
568 2639 696 2691 omnibus
710 2639 835 2708 planetis
855 2640 886 2690 in
905 2637 1018 2690 eundem
1036 2634 1240 2688 recurrentibus
1260 2634 1368 2692 locum,

172 2725 224 2780 buc
235 2726 290 2797 fit,
317 2735 349 2780 ut
366 2727 501 2794 diuinus,
522 2727 571 2795 (ed
589 2728 673 2802 Virg.
691 2727 762 2782 Aen.
782 2733 813 2794 1,
833 2729 896 2784 273.
916 2725 966 2779 ubi
986 2735 1087 2780 tamen
1105 2737 1161 2794 pro
1178 2707 1236 2776 ill—1
1255 2723 1353 2776 DLIV

194 2817 300 2872 endum
319 2802 375 2870 i‘n
395 2817 596 2884 neccomv)
616 2818 762 2872 amnium
782 2819 921 2872 ceserano
940 2817 1137 2878 nomnium,
1152 2823 1221 2887 post
1239 2833 1330 2867 m
1349 2815 1377 2864 s

170 2835 257 2945 decim
274 2892 368 2946 millia
386 2898 541 2960 nongentos
559 2895 775 2962 quinquaginta,
793 2893 851 2946 ecil.
871 2891 1047 2945 solstitiales.
1077 2889 1160 2942 ldem
1180 2887 1254 2939 dicit
1272 2886 1368 2940 Solin.

171 2969 216 3020 33.
243 2961 313 3032 (36)
338 2961 389 3014 ubi
416 2961 452 3014 de
477 2960 621 3032 phoenice
648 2965 719 3038 agit.
764 2963 839 3018 liudi
868 2971 966 3017 autem
986 2961 1081 3016 adhuc
1100 2959 1298 3024 astronomia,
1328 2977 1378 3008 v..

171 3039 254 3090 fuere
273 3035 354 3088 iuxta
372 3033 468 3086 varios
487 3035 644 3104 scriptores
663 3037 763 3112 magni
782 3037 852 3090 anni
871 3037 972 3106 spatie.
1001 3052 1029 3089 v.
1055 3033 1180 3087 lliccioli
1200 3031 1366 3106 lllmsgest.

172 3113 217 3165 13.
236 3106 270 3160 Τ.
290 3108 314 3160 l.
334 3123 363 3177 p.
384 3111 445 3162 130.
467 3113 495 3158 et
514 3105 665 3162 Marsbsm.
686 3108 785 3163 Canon
804 3109 927 3183 Aegypt
948 3127 977 3179 p.
992 3111 1018 3163 9.
1057 3107 1094 3160 ln
1110 3103 1166 3158 bec
1183 3104 1298 3158 maiore
1317 3111 1364 3156 est

172 3179 287 3234 nomiae
307 3179 375 3232 luce
393 3177 521 3232 nondum
541 3181 729 3234 consentiunt
739 3182 918 3235 Astronomi.
957 3183 1093 3254 Magnum
1114 3177 1193 3231 enim
1214 3195 1329 3229 annum
1354 3184 1360 3221 τ

172 3252 245 3307 cicli
270 3251 375 3306 definit
408 3250 492 3303 annis
520 3253 619 3308 25920.
663 3253 766 3325 Tycho
794 3251 887 3307 Brcbe
919 3253 1002 3305 annis
1028 3254 1128 3308 25816.
1174 3249 1289 3302 cassini
1325 3267 1378 3302 an

170 3329 270 3383 20800.
309 3325 353 3378 Ol.
373 3321 409 3378 de
428 3323 457 3376 le
476 3323 576 3378 Nauze
595 3327 679 3380 rtem.
701 3325 736 3380 de
755 3325 873 3380 l’Acad.·
891 3341 954 3396 roy.
976 3325 1024 3378 des
1044 3325 1138 3378 lnecr.
1157 3321 1191 3375 t.
1211 3321 1304 3375 xxn.
1326 3339 1358 3392 p.

171 3415 213 3469 sq.
251 3401 388 3474 Magnum
407 3411 523 3466 quoque
541 3415 649 3450 annum
668 3397 775 3452 babent
788 3398 931 3464 Sirenses,
951 3415 1041 3468 quum
1062 3397 1287 3470 coniunguntur
1305 3395 1360 3464 pla

173 3479 228 3525 tae.
266 3471 377 3524 Recens
397 3469 571 3536 inventu'm,
600 3487 655 3524 nec
674 3479 808 3524 constans
827 3470 904 3541 apud
923 3487 970 3524 eos
988 3469 1077 3522 buius
1097 3469 1168 3522 anni
1187 3465 1316 3519 duratio.
1370 3474 1378 3513 t

171 3553 268 3599 terum
286 3559 408 3618 magnae
427 3557 570 3596 annorum
588 3543 791 3610 conversioni,
811 3543 1028 3598 Pletonicerum
1049 3539 1222 3595 commentis
1240 3539 1367 3592 celebra

171 3618 276 3683 simne,
295 3618 402 3670 semem
428 3613 542 3668 eddidit
561 3615 674 3684 inquies
693 3617 865 3670 mortalium
884 3616 1011 3682 enimus,
1037 3614 1106 3667 dum
1124 3611 1289 3682 prseterita
1308 3612 1378 3663 lau

49 3725 54 3736 .
171 3697 321 3760 tempore,
350 3687 514 3758 praesentis
540 3687 667 3754 fastidit,
699 3691 799 3742 tumre
824 3695 905 3760 optat
933 3694 1089 3758 speretque
1116 3700 1234 3754 semper
1252 3685 1352 3738 melio

171 3761 249 3816 ant.
287 3761 408 3832 Magnus
427 3778 515 3814 minus
533 3767 666 3827 vertens,
693 3777 751 3830 quo
776 3761 906 3814 omnium
925 3777 1028 3813 rerum
1047 3755 1235 3812 ἅιακύκλιισιι
1254 3765 1285 3810 et
1304 3757 1369 3812 ἄπο

58 3857 61 3864 ·
172 3831 300 3890 ticceau
318 3835 448 3885 futuram
469 3849 528 3886 esse
549 3830 765 3899 mathematici,
784 3833 930 3886 Platonici
948 3832 1096 3901 Stoicique
1115 3827 1267 3883 docebunt.
1298 3847 1329 3882 v.

172 3907 207 3961 de
226 3909 262 3960 N.
283 3906 317 3959 D.
337 3909 371 3970 2,
389 3905 434 3958 20.
454 3905 497 3960 52.
518 3920 611 3958 somn.
630 3903 709 3976 Scip.
731 3921 757 3959 c.
777 3909 804 3962 7.
831 3906 956 3960 blscrob.
976 3921 1067 3958 somn.
1087 3901 1168 3972 Scip.
1186 3903 1219 3966 2,
1239 3906 1285 3956 11.
1328 3904 1359 3956 Α

172 3979 326 4050 phaenom.
346 3995 375 4029 v.
394 3979 456 4032 138.
476 3977 576 4046 ibique
596 3975 696 4032 Schol.
718 3978 869 4032 censorin.
888 3978 924 4032 de
944 3977 992 4031 die
1011 3983 1068 4029 net.
1089 3991 1113 4028 c.
1135 3977 1179 4029 18.
1200 3973 1264 4040 (ubi
1283 3977 1323 4027 cl.
1345 3977 1374 4028 L

173 4053 328 4123 denbrog.)
353 4049 410 4101 lul.
435 4049 556 4102 Pinnio.
585 4049 705 4104 Matheo.
733 4051 753 4103 l.
774 4055 799 4105 1.
846 4051 945 4104 Annus
971 4057 1088 4103 vertens
1112 4046 1241 4100 siderum
1261 4049 1371 4101 omni

172 4141 260 4195 quem
285 4130 313 4175 et
341 4137 478 4198 magnum
505 4120 690 4175 Platonicum
722 4130 842 4188 vocant,
879 4141 916 4177 ex
938 4121 1180 4176 Astronomorum
1213 4119 1339 4174 ratione

172 4201 264 4254 25920
282 4210 441 4257 annorum,
471 4193 522 4263 qui
547 4211 686 4248 numerus
712 4196 803 4250 etism
829 4193 955 4266 periodo
974 4193 1096 4264 quadem
1116 4190 1220 4246 ludica
1240 4195 1295 4245 tlt
1316 4212 1365 4248 ιιι

175 4287 241 4324 rum
267 4275 297 4322 et
323 4266 477 4320 Tsrterica
505 4269 558 4322 180
582 4283 725 4320 annorum
750 4267 782 4321 in
808 4285 837 4322 se
862 4267 958 4320 ductis
986 4267 1096 4332 oritur,
1123 4271 1152 4318 et
1172 4263 1358 4318 dimidiatus

174 4345 273 4406 12960,
292 4340 353 4393 fere
372 4339 548 4394 conveniens
566 4355 634 4393 cum
652 4355 686 4396 eo
707 4341 758 4410 qui
775 4339 805 4394 h.
825 4339 846 4393 1.
866 4339 997 4417 legitur5
1016 4339 1079 4410 Rip.
1117 4335 1185 4405 „Cb
1203 4335 1302 4391 ldeler
1327 4341 1369 4394 in
