2756 4792
450 15 466 52 8

468 223 609 290 CAPUT
636 225 744 292 XXII.
1157 229 1219 297 1105

36 385 143 438 cretionis.
180 387 224 441 (lt.
243 394 311 441 note
328 391 355 444 3.
376 395 404 442 et
418 387 449 462 Ι5.
468 389 545 460 inpr.
565 390 684 458 Quintil.
706 395 741 458 8,
761 391 787 448 5.
807 399 837 447 et
855 393 942 446 verbe
962 395 1022 449 eius
1042 399 1086 462 12,
1107 401 1151 462 10,
1170 400 1215 453 48.

33 459 72 510 Hoc
89 461 149 529 quod
167 465 250 531 vulga
273 465 427 517 sententiae
450 479 590 527 vommue,
614 466 772 529 (vecula,
795 471 944 534 praecipue
968 469 1096 528 Graecia,
1115 475 1145 524 in
1165 481 1216 524 utu

32 550 70 584 non
83 529 147 599 suit3
175 533 252 602 apud
272 534 426 586 Ciceronem
449 539 571 600 invenio)
598 538 663 590 dum
691 555 748 591 rem
773 544 930 592 contineant
958 548 983 592 et
1001 545 1082 610 copia
1099 561 1155 596 non
1174 561 1215 595 re-

31 604 130 666 dundent,
153 607 198 670 (ut
221 607 378 677 praecipue
404 607 436 658 in
461 611 581 680 scriptis
613 609 752 677 Senecae)
785 615 846 682 quie
871 615 940 666 utile
963 615 1062 684 neget?
1097 613 1215 668 Fertunt
1311 617 1317 621 ’

30 680 124 729 erinna
139 685 164 730 et
190 696 246 731 uno
264 683 323 731 ictu
333 679 495 750 frequmter
513 683 660 752 impellunt
678 689 704 734 et
723 686 785 752 ipea
802 685 932 738 brevitate
950 691 1041 756 mugio
1059 685 1170 740 haerent
1188 696 1215 739 et

30 747 319 820 lirtioaepereuadent.”
339 751 443 806 schulz.
481 752 524 806 Gt.
546 754 583 808 ed
602 772 664 825 cap.
683 757 728 810 20.
753 773 781 807 u.
800 761 827 813 3.
858 765 886 810 et
904 756 976 810 Ern.
996 759 1064 812 Lex.
1084 759 1212 812 technol.

29 818 80 874 riet.
95 839 118 892 p.
135 827 187 880 etc
199 842 240 894 eq.
259 829 411 878 sententiae
429 829 548 878 inseruit
566 827 647 880 dedit
666 827 770 881 Heum.
789 829 857 883 coll.
883 846 907 880 c.
928 831 1105 886 190101.-
1123 837 1214 904 utique

28 893 55 956 (r.
68 895 95 946 ed
111 913 133 948 c.
149 901 192 953 19.
212 915 240 949 n.
259 899 298 962 t.)
319 901 349 950 in
368 897 411 953 hie
430 901 615 962 orationihus,
633 918 702 970 quae
720 905 814 954 centor
831 907 998 971 composuit,
1027 902 1127 972 quoles
1147 912 1214 957 eunt

28 967 135 1020 orationes
150 985 205 1038 pro
224 969 350 1036 Milone,
378 986 433 1040 pro
452 971 607 1038 Marcello,
635 987 691 1042 pro
711 973 845 1048 higurio,
864 991 918 1046 pro
938 975 1076 1029 Deiotaro
1095 985 1125 1029 et
1143 977 1213 1028 Phi-

27 1037 134 1106 lippicae,
157 1049 191 1092 ut
216 1047 324 1110 priam
348 1047 405 1097 etue
429 1050 569 1098 aretianee
592 1060 646 1113 pro
675 1045 812 1112 Quintio,
842 1046 947 1100 Roscio
966 1047 1082 1114 Amen,
1109 1048 1212 1102 Roscio

26 1125 91 1176 eom„
107 1113 242 1168 Ver-rinae
261 1123 290 1168 et
309 1115 400 1180 eliee;
421 1116 527 1170 schulz.
547 1121 577 1170 in
598 1119 633 1170 iic
652 1117 771 1186 scripsit
790 1119 882 1172 Or.-
901 1124 1110 1188 experimentis,
1138 1137 1212 1190 quae

25 1181 70 1248 plus
85 1185 190 1250 velent,
211 1203 297 1256 quam
316 1197 489 1260 praecepta,
509 1199 542 1246 ut
561 1189 681 1256 Quintil.
700 1191 736 1256 2,
755 1193 781 1246 5.
801 1190 856 1254 ain
876 1191 979 1246 Schule.
999 1222 1035 1232 -
1053 1193 1126 1264 qaod
1139 1200 1213 1260 vapti-

24 1273 74 1308 nen
88 1258 189 1312 &unali
209 1271 294 1330 genui
318 1268 404 1315 eeeet:
437 1263 477 1319 in
504 1262 562 1338 leg.
593 1261 640 1315 rel
663 1281 688 1333 q.
709 1282 732 1315 ο.
752 1264 877 1318 discendi
891 1285 921 1336 g.
952 1273 1009 1330 eet,·
1033 1265 1111 1319 Aac.
1150 1265 1213 1318 Hoc

24 1328 133 1382 rulebent
149 1333 215 1386 Urs.
234 1341 264 1386 et
282 1332 345 1403 Bip.
382 1335 462 1387 illud
480 1335 730 1405 recepereHeum.
750 1333 816 1390 sch.
836 1336 885 1390 ob.
899 1337 986 1391 Beck.
1006 1337 1081 1390 Len.
1101 1339 1145 1392 Os.
1165 1337 1211 1392 Or.

22 1401 103 1464 qudo.
120 1405 225 1458 dicendi
241 1423 328 1476 genua
356 1415 408 1460 eet
421 1407 484 1460 edd.
510 1415 566 1460 vet.
593 1415 621 1462 et
645 1407 783 1476 quaedam
802 1409 959 1478 ree-quod
976 1409 1056 1462 haud
1075 1410 1213 1462 damnen-

22 1469 76 1524 dum.
90 1493 114 1527 r.
130 1477 165 1530 ed
185 1479 259 1530 Ano.
278 1480 316 1542 2,
334 1479 388 1544 26,
408 1483 434 1533 ll.
454 1509 489 1520 -
506 1483 585 1534 eitiie
601 1483 798 1551 antiquitatis,
816 1481 929 1550 priscae
948 1482 1143 1551 eloquentiae,
1164 1499 1213 1534 en·

22 1543 137 1612 liquorum
156 1558 322 1615 oratorum
344 1551 447 1606 schulz.
486 1551 591 1618 „Tales
621 1552 773 1606 Ciceronis
797 1555 1009 1624 vituperatores
1028 1555 1107 1608 ridet
1125 1555 1214 1622 Quin-

19 1615 50 1666 tit.
61 1619 123 1674 vm.
140 1639 270 1692 prooem.
289 1627 334 1680 28.
371 1623 428 1679 sat
445 1623 518 1678 haec
537 1641 611 1694 quae
630 1633 791 1694 sequuntur
809 1625 919 1680 iudicia
939 1626 974 1680 de
995 1627 1148 1680 Ciceronis
1167 1627 1212 1678 vi·
1253 1693 1255 1698 ,

20 1686 103 1768 ξὶὶιιιιι
125 1695 131 1706 “
156 1731 165 1757 ,
185 1711 274 1763 quem
294 1693 388 1749 adhuc
406 1699 515 1750 fectum
533 1697 585 1763 eit,
606 1697 794 1768 expendenda
812 1715 873 1752 esee
891 1699 1004 1752 monuit
1023 1699 1055 1752 F.
1074 1697 1211 1753 ewen.

19 1775 38 1808 ¹11
51 1777 93 1829 pre
119 1767 180 1819 ,ed
200 1765 261 1819 Cic.
282 1785 324 1818 or.
342 1785 397 1838 pro
417 1771 555 1824 Marcello
574 1787 603 1839 p.
623 1769 740 1822 xx1V.”
758 1771 878 1824 Dronke.
904 1770 971 1836 „Gt
991 1771 1101 1824 iudicia
1118 1771 1212 1824 Fron·

18 1833 72 1886 tonis
87 1853 112 1906 p.
129 1841 173 1898 95.
188 1838 233 1892 ed.
249 1839 331 1893 Rom.
341 1849 370 1895 et
385 1841 518 1912 Dionysii
533 1842 662 1916 Longini
680 1850 749 1896 sect.
769 1845 812 1898 12.
831 1860 861 1914 p.
870 1845 914 1898 50.
934 1843 1117 1899 ed.Weisk.''
1139 1843 1211 1897 Orel.

66 1945 88 1997 3.
121 1943 275 1998 lentum
287 1950 317 1998 in
326 1951 486 2016 principiis,
505 1965 531 2002 v.
549 1947 586 2002 acl
602 1964 628 2000 c.
639 1951 682 2004 18.
698 1968 726 2003 ιι.
737 1951 763 2006 5.
781 1967 805 2002 c.
817 1957 860 2006 10.
872 1967 899 2001 n.
912 1957 939 2004 3.
957 1959 986 2004 et
1001 1965 1025 2002 c.
1036 1951 1081 2004 21.
1099 1966 1127 2002 ιι.
1139 1953 1213 2005 6.-

16 2015 90 2065 diune
106 2021 178 2070 circa
196 2035 332 2078 eeceeeue,
350 2037 378 2070 v.
397 2019 434 2072 ad
452 2037 477 2072 c.
498 2023 542 2074 18.
563 2037 592 2074 ιι.
606 2021 633 2074 5.
653 2021 690 2072 ed
709 2037 734 2073 c.
750 2024 792 2076 19.
814 2039 842 2073 ιι.
860 2025 961 2076 lextr.
982 2029 1011 2074 et
1029 2019 1211 2084 adAnn.1l,

18 2083 80 2134 15²-
94 2106 157 2142 raro
176 2094 332 2154 incalescit,
350 2108 377 2143 v.
397 2090 434 2144 ad
454 2107 479 2144 c.
499 2095 544 2148 21.
564 2108 594 2142 n.
612 2093 681 2146 6.-
696 2097 783 2162 pauci
799 2110 892 2149 oeneus
912 2094 951 2159 (v.
971 2091 1006 2144 ed
1025 2109 1050 2144 c.
1067 2095 1111 2147 20.
1131 2107 1159 2143 ιι.
1170 2093 1211 2155 3.)

14 2164 57 2222 «με
71 2167 93 2212 et
110 2179 170 2216 uem
187 2163 309 2234 quodam
326 2166 428 2218 lumine
446 2169 649 2224 terminantur,
676 2173 709 2215 ut
735 2182 780 2236 ap.
801 2165 862 2218 cic.
883 2167 1020 2218 clanculae
1038 2171 1103 2232 apte
1121 2181 1212 2217 nurne-

16 2243 95 2298 touque
110 2235 253 2298 cadentes,
270 2235 340 2290 Em.
379 2234 421 2288 cf.
451 2239 525 2294 n.2
557 2243 586 2288 et
604 2237 631 2290 5.
669 2235 774 2290 Lumen
794 2237 921 2300 dicitur,
948 2236 1025 2306 quod
1044 2236 1076 2288 in
1095 2252 1211 2304 queque

16 2313 36 2350 tt
48 2307 228 2376 praecipuum
247 2315 309 2372 est,
336 2307 465 2361 maxime
491 2308 620 2372 eminet,
649 2317 873 2376 ornamentum
900 2309 979 2362 unde
1005 2316 1080 2362 certa
1101 2307 1212 2360 dicendi

13 2369 90 2428 brine
106 2378 167 2434 cic.
188 2379 225 2433 de
245 2396 288 2437 or.
307 2382 341 2445 2,
358 2383 403 2436 27.
440 2382 548 2436 leonina
570 2379 712 2434 verborum
737 2389 764 2434 et
780 2387 1000 2444 cententiarum,
1024 2399 1095 2451 quae
1113 2389 1210 2434 vocant

14 2441 86 2500 traca·
101 2447 244 2522 σχήματα)
262 2455 357 2523 quibua
374 2460 509 2522 tanquam
527 2455 684 2524 ineignilue
702 2459 733 2508 in
751 2463 856 2508 ornatu
879 2455 1103 2524 distinguebatur
1121 2457 1210 2506 omnia

13 2527 78 2573 vnto
101 2523 164 2576 cie.
183 2527 268 2578 Brut.
286 2529 324 2581 79
342 2531 414 2578 extr.
452 2525 525 2580 Nam
552 2534 586 2578 ut
609 2529 639 2580 in
656 2529 769 2595 pictura
785 2530 877 2580 lumen
902 2546 959 2580 non
978 2528 1039 2580 alia
1057 2544 1099 2580 ree
1118 2531 1211 2596 magio

13 2597 1211 2740 ttffli'tttmlssizit&stiffitlttt'tettttlttlt‘lt

13 2733 48 2788 ts.
57 2739 133 2796 Fam.
145 2750 175 2798 et
183 2744 249 2796 Vat.
260 2691 341 2800 ege.
359 2743 441 2798 Hinc
451 2753 505 2813 opt.
520 2753 547 2798 et
558 2761 620 2796 cum
631 2744 675 2799 ed.
686 2761 731 2814 pr.
740 2745 802 2798 Put.
812 2743 948 2797 RinBer.
956 2741 1047 2796 Rhen.
1060 2751 1129 2805 tres,
1144 2741 1209 2796 Ale

13 2805 63 2862 tiu.
74 2814 149 2884 Lipe.
169 2815 260 2869 Bern.
272 2816 364 2871 Grou.
401 2811 463 2888 apti
472 2818 533 2871 Vat.
546 2819 626 2872 1518.
666 2835 767 2888 opacae
787 2815 830 2872 ed.
842 2816 923 2870 Rom.
937 2815 1042 2886 Lipsii;
1062 2815 1139 2868 unde
1158 2813 1210 2867 hic

13 2883 62 2936 uni.
95 2891 209 2956 epae-tue
228 2897 256 2942 et
274 2907 334 2942 aem
351 2909 378 2961 q.
398 2893 416 2943 l.
435 2898 455 2942 t.
475 2899 508 2942 ut
526 2889 562 2942 ed
580 2891 726 2960 picturam
746 2898 895 2960 respectus
914 2888 962 2953 eit,
983 2889 1015 2940 in
1031 2905 1088 2956 que
1106 2887 1210 2951 lumen

13 2969 42 3004 us
56 2957 197 3026 delectat,
228 2963 280 3016 eecl
309 2980 375 3016 cum
402 2962 506 3015 umbre
530 2961 664 3032 quedem.
702 2967 804 3032 optime
827 2971 852 3015 et
877 2975 938 3014 cum
966 2976 1042 3014 corr.
1062 2959 1160 3014 Schel.
1181 2966 1212 3012 et

13 3035 51 3092 'W
65 3037 87 3082 d
104 3052 165 3086 crau
184 3035 306 3105 quadarn
324 3036 507 3090 modulamine
525 3043 546 3086 t.
574 3034 657 3089 Acid.
686 3043 719 3087 ut
743 3035 779 3088 ed
801 3049 938 3088 numeros
957 3035 1119 3098 referetur,
1139 3046 1210 3100 quoe

13 3097 74 3154 ulnti
92 3106 261 3162 modulatos
281 3109 434 3177 requirent
452 3105 583 3160 rhetores
603 3107 633 3158 in
653 3106 842 3177 periodorum
864 3105 1011 3160 clausulis.
1048 3105 1144 3175 ,Apte
1162 3121 1211 3156 ou-

13 3175 46 3222 en
62 3175 217 3245 dicuntur,
246 3199 320 3251 quae
339 3189 417 3234 recte
436 3179 517 3233 inter
535 3199 565 3232 ee
585 3180 684 3232 iuncte
704 3187 788 3246 sunt,
812 3187 844 3230 ut
866 3181 971 3232 vincire
999 3179 1081 3232 verba
1107 3185 1134 3229 et
1151 3193 1210 3229 een-

13 3247 102 3314 ntia,
121 3251 203 3318 (Cic.
226 3269 269 3308 or.
289 3258 333 3310 13.
353 3255 412 3320 50.)
432 3269 464 3306 ee
483 3252 540 3304 eibi
560 3252 681 3326 iungere
701 3252 761 3318 ita,
790 3259 822 3302 ut
847 3268 883 3304 ex
901 3249 1209 3320 pluribuspropemo·

13 3311 54 3370 hm
77 3325 123 3376 vel
151 3343 250 3377 unum
278 3325 400 3383 verbum
423 3325 473 3378 vel
499 3342 557 3376 une
582 3324 722 3378 sententia
746 3324 821 3376 fucta
839 3323 985 3376 videatur.
1024 3321 1117 3388 Quum
1137 3335 1208 3373 vero

13 3390 62 3444 erle
84 3399 251 3452 vinciuntur
274 3396 303 3450 h.
324 3417 349 3454 e.
377 3399 419 3452 ite
445 3397 648 3460 collocantur,
674 3403 708 3448 ut
732 3407 888 3449 numerose
914 3395 1052 3447 volvetur
1079 3401 1108 3448 et
1127 3391 1209 3445 cedet

13 3463 88 3532 ⁵²5⁰,
119 3487 152 3524 ee
184 3478 310 3524 vocenrr
333 3479 403 3541 apta
428 3475 457 3523 et
478 3472 593 3531 vincta,
616 3466 647 3521 h.
668 3486 692 3524 e.
721 3483 891 3531 numerosa,
920 3466 953 3518 in
973 3482 1029 3534 qua
1048 3465 1089 3518 ita
1109 3465 1208 3516 iuncte

13 3539 76 3591 tucia
92 3541 173 3596 inter
192 3559 226 3596 ee
245 3551 313 3596 eunt
330 3544 434 3609 verba,
452 3549 486 3594 nt
505 3558 658 3596 numerose
677 3540 777 3605 cedet,
803 3540 852 3603 (ci.
875 3537 934 3592 cic.
954 3537 1034 3590 Brut.
1054 3541 1079 3592 8.
1100 3553 1142 3592 cr.
1162 3537 1207 3590 00.

13 3603 69 3658 l·-
84 3615 143 3679 71.)
174 3615 229 3668 eui
257 3617 400 3672 orationis
418 3615 520 3690 generi
538 3615 674 3675 calmunt,
701 3608 833 3680 diffluens
852 3619 880 3664 et
898 3609 1066 3678 dieeipatran
1085 3607 1209 3678 opponi·

13 3689 46 3744 ¹⁸2
62 3702 86 3735 v·
106 3705 130 3740 c.
151 3705 204 3759 ap.
227 3685 288 3742 cie.
308 3706 351 3744 or.
371 3691 415 3745 52.
453 3688 540 3742 verta
556 3690 654 3742 eolutie
670 3703 798 3739 numeror
811 3689 922 3755 primus
941 3681 1082 3747 adiunxit,
1101 3698 1143 3735 or.
1163 3682 1207 3735 70.
1244 3684 1254 3704 ’

13 3747 106 3816 illum,
123 3769 152 3813 et
170 3763 316 3824 calutum,
335 3779 377 3816 or.
398 3765 442 3817 71.
472 3757 593 3828 saciliue
611 3767 670 3820 eet,
695 3766 763 3828 apta
780 3757 944 3820 dissolvere,
969 3774 1052 3828 quam
1070 3755 1209 3824 dissipate

13 3835 160 3886 Numae?
178 3833 252 3887 Ern-
272 3833 347 3888 clev.
368 3835 430 3889 Cic.
459 3837 649 3889 terminantur
668 3830 733 3885 edd.
752 3848 810 3886 reo.
832 3849 855 3902 e
867 3846 943 3884 corr.
964 3829 1041 3884 Pith.
1078 3830 1210 3882 termine-

13 3909 36 3946 't
49 3903 105 3958 edd.
123 3916 186 3961 eet.

54 4013 77 4065 t.
110 4013 200 4070 Nihil
218 4031 374 4082 excerpere,
393 4013 471 4068 nihil
485 4015 587 4087 referre
602 4015 708 4086 porcia:
733 4014 775 4066 ita
792 4011 850 4066 MS.
869 4011 957 4065 Fern.
978 4018 1006 4064 et
1024 4025 1060 4064 ex
1078 4023 1112 4062 eo
1131 4005 1208 4075 hipe-

13 4083 107 4139 tctitt.
127 4105 190 4143 rec.
237 4087 318 4140 Nihil
334 4103 365 4140 ee
381 4093 513 4158 tempore,
535 4087 612 4142 nihil
634 4107 657 4140 r.
674 4107 703 4158 p.
730 4085 778 4140 ed:
794 4101 839 4154 pr.
877 4082 962 4136 Ntttl
982 4102 1015 4134 cr
1031 4089 1152 4149 tempore
1170 4095 1210 4166 rf-

13 4143 58 4207 fere
76 4165 166 4228 parete
195 4160 244 4215 ed.
271 4161 334 4212 rut.
363 4167 392 4213 et
416 4161 469 4214 rel.
499 4169 565 4216 ente
593 4161 673 4231 Lipe.
711 4159 754 4214 Cf.
774 4157 811 4210 ed
829 4173 854 4208 c.
873 4159 918 4214 20.
940 4173 968 4208 n.
988 4159 1016 4210 3.
1034 4181 1071 4192 -
1088 4154 1160 4204 velut
1179 4167 1210 4238 'f'

13 4225 53 4278 edi
65 4233 205 4304 aedificio,
228 4233 259 4285 in
277 4232 524 4288 cuiue-structure
542 4233 625 4286 nulle
644 4249 690 4285 ere
709 4237 873 4302 spectetur,
900 4233 996 4298 price
1013 4253 1049 4264 -·
1062 4243 1122 4310 ¹nou
1140 4229 1211 4308 cutte

13 4299 126 4368 eleatem,
146 4307 202 4378 qui
225 4307 258 4358 in
275 4304 360 4359 tectis
379 4303 518 4360 ditiorum
538 4305 707 4378 splendebat
725 4317 873 4355 marmore
891 4301 941 4354 vel
959 4300 1083 4383 picturis
1101 4310 1212 4349 vermi·

13 4371 83 4432 alati,
100 4381 147 4436 vel
169 4381 264 4436 ebore
283 4377 393 4432 caelato
412 4386 441 4433 et
459 4381 528 4435 aliie
546 4377 743 4442 ornamentie;
769 4373 872 4429 schulz.
893 4401 929 4414 -
947 4375 1033 4426 ciret.-
1052 4387 1083 4422 ιιι
1103 4367 1146 4422 ed.
1165 4383 1212 4438 pr.
