2904 4802
468 225 610 292 CAPUT
631 226 804 292 xxxvu.
1192 227 1254 294 153
1308 291 1312 298 ,

50 411 90 448 nec
106 409 147 446 res
167 389 278 444 iudicio
296 391 385 462 plens
403 395 480 446 sacta
499 392 555 458 sits
576 395 647 448 Ern.
668 395 742 448 clav.
764 392 825 447 Cic.
863 391 905 447 Gt.
932 391 998 468 uig.
1024 392 1204 450 11113111.
1227 400 1250 449 1.

51 464 301 522 ,1111111112
334 466 365 516 de
384 463 471 532 surto
499 474 528 519 et
554 469 724 528 interdictis,
755 464 908 519 iustiniani
933 466 1002 518 Inst.
1022 470 1058 531 1,
1080 472 1122 520 10.
1152 467 1251 537 ibique

50 543 180 592 Hotoman.
218 545 270 588 aut
289 536 420 605 sonnutu
439 541 582 592 interdicti
599 541 734 594 volebant
751 535 917 614 Schulting.
938 545 966 591 et
986 539 1090 592 ileum.
1128 541 1252 606 „Nolim

50 621 127 664 tomen
144 625 180 662 ns
199 609 226 662 ir
245 609 291 664 deci
310 611 386 664 tuot»
404 612 522 679 quidem
543 611 572 664 h.
594 613 613 665 1.
633 621 773 676 statuere,
800 627 890 680 quum
902 607 1032 679 formula
1051 611 1137 664 letius
1156 621 1252 682 petest

49 701 116 753 pam
134 681 310 735 interdictum
330 683 444 752 sintque
462 684 607 738 formulae
626 684 817 748 commodati,
838 685 985 736 communi
1005 683 1180 749 dividundo,
1202 685 1260 740 dea

49 756 134 826 positi,
153 754 285 808 familiae
304 755 508 822 erciscundae,
529 757 635 809 finium
654 757 862 832 regundorum,
883 755 918 808 de
937 755 1063 826 peculio,
1084 755 1120 810 de
1138 757 1170 808 in
1189 775 1251 811 rem

49 845 112 881 verso
130 834 202 891 cen,
233 843 249 880 e
275 827 380 896 quibus
409 829 542 882 omnibus
568 847 668 882 causae
687 831 791 883 civiles
810 835 930 898 possunt
949 828 1048 882 orici.”
1077 829 1148 882 Oret.
1168 846 1197 899 p.
1219 829 1251 882 1..

49 901 78 954 Cf.
94 899 123 952 sd
142 915 203 968 cop.
223 900 267 952 20.
289 917 316 951 ιι.
338 905 363 954 1.
383 929 418 941 -
451 901 595 955 dicendum
618 901 731 965 iubens,
761 919 787 953 v.
813 899 848 954 sd
873 917 897 953 c.
920 905 942 954 1.
964 918 993 954 n.
1013 905 1039 956 3.
1069 902 1179 954 dicendi
1206 903 1250 955 ed.

49 991 79 1043 pr.
95 1001 127 1012 -
161 971 192 1022 de
216 974 324 1025 ambitu
351 977 543 1033 comitiorum,
575 993 601 1026 v.
627 975 663 1027 ud
687 975 762 1027 Ann.
782 977 815 1036 1,
834 977 861 1028 2.
880 1001 916 1013 -
953 976 1070 1027 ciuibus:
1090 975 1122 1026 in
1141 973 1184 1028 ed.
1204 991 1249 1044 pr.

49 1045 177 1098 comitibus.
198 1073 235 1082 —
271 1063 325 1115 quo
350 1045 424 1098 nihil
447 1049 503 1100 tuIe
522 1052 668 1117 patimur.-
694 1046 767 1100 hsec
786 1045 821 1098 sd
840 1045 1005 1115 Vespasiani
1025 1047 1142 1100 laudem
1159 1047 1252 1117 perti-

48 1127 113 1178 nent,
138 1126 169 1168 ut
193 1117 251 1169 illu
270 1134 293 1169 c.
313 1121 349 1173 38
366 1135 428 1188 pn,
457 1120 533 1173 Brut.
571 1125 601 1173 in
626 1139 679 1190 quo
704 1119 780 1172 MSS.
806 1120 869 1171 Vnt.
890 1120 970 1174 1862.
990 1121 1070 1175 uso.
1099 1119 1143 1173 ed.
1170 1117 1249 1172 Seeb.

48 1192 84 1243 Dr.
100 1190 139 1243 0⁵.
159 1188 207 1242 On.
245 1188 397 1244 Sesites.
417 1191 478 1244 Vet.
498 1194 603 1268 glossis
623 1199 742 1246 scatent.
782 1189 825 1244 of.
851 1191 887 1244 ad
912 1207 936 1244 c.
956 1195 1001 1248 32.
1031 1209 1059 1244 ιι.
1079 1195 1104 1247 1.
1134 1200 1163 1246 et
1188 1189 1250 1244 ind.
1370 1191 1374 1198 “

48 1265 85 1316 111.
101 1281 125 1314 ι.
142 1261 263 1330 Eiiipsis
283 1262 447 1334 Praepositt.

99 1338 121 1388 1.
157 1333 222 1386 Non
246 1341 345 1404 opinor
362 1335 569 1390 Demosthenem
595 1341 735 1392 orationes
763 1339 923 1396 illustrant,
950 1355 1020 1408 quus
1047 1352 1124 1390 suno
1152 1337 1252 1390 aetatis

49 1407 114 1460 1111.
133 1414 286 1477 composuit
303 1410 430 1462 adsersus
449 1417 555 1463 tutores
574 1428 652 1471 suos,
679 1408 850 1480 Aphobum,
875 1408 1111 1479 Demophontem
1131 1417 1160 1463 et
1177 1407 1253 1462 The·

49 1480 179 1550 rippiden,
208 1481 299 1534 mulos
326 1487 464 1551 paternos
489 1481 659 1536 hereditatis
684 1481 876 1535 administros.
915 1481 1058 1546 „Exstant
1078 1481 1174 1534 adhuc
1193 1489 1252 1534 tres

48 1554 90 1604 eins
106 1554 249 1606 ocutiones
267 1557 335 1606 succi
354 1551 484 1624 Ἀφόβου,
504 1571 574 1622 ques
593 1555 705 1608 scholia
724 1555 756 1604 in
775 1553 886 1605 Hermo
909 1569 991 1606 onem
1010 1553 1128 1621 Sopatri
1147 1569 1176 1618 p.
1188 1553 1250 1606 132.

48 1626 208 1696 ἐπιτροπικούς
227 1620 325 1694 λόγους
342 1625 507 1677 nominant:
536 1625 585 1678 sed
603 1625 740 1678 Libanius
761 1625 793 1676 in
811 1626 871 1676 vite
918 1622 1041 1676 emosth.
1062 1621 1166 1684 tradit,
1186 1621 1251 1674 eliis

48 1713 191 1764 persuasum
212 1711 288 1760 esse,
317 1697 427 1749 Isaeum
448 1713 508 1749 sese
527 1695 626 1749 esrum
645 1699 821 1752 auctorem.’'
847 1696 1005 1750 811111-
1043 1694 1071 1746 P.
1104 1693 1252 1760 Quinctius

49 1777 68 1820 et
77 1769 104 1820 A.
116 1769 244 1820 Licinius
255 1768 374 1821 Arcisius
392 1777 474 1836 poeta
491 1768 598 1836 defensi
616 1787 631 1822 a
645 1769 787 1823 Cicerone
805 1769 837 1820 in
855 1769 947 1820 causis
961 1767 1120 1821 levioribus
1140 1773 1169 1820 et
1185 1767 1250 1836 pri-

49 1841 116 1904 vetis,
135 1839 187 1892 ille
209 1841 247 1892 sd
265 1841 463 1910 recuperande
482 1841 574 1906 bons,
594 1839 645 1894 hio
664 1843 694 1893 in
714 1841 913 1894 controversie
933 1841 960 1894 ei
980 1847 1074 1906 mota,
1094 1857 1132 1892 sn
1151 1839 1189 1890 sit
1208 1837 1250 1890 oi·

47 1913 77 1963 vis
98 1913 253 1976 Romanus3
286 1913 389 1966 Setinis.
426 1915 575 1967 Praeterea
602 1915 694 1967 oratio
721 1913 781 1967 Gic.
807 1929 862 1982 pro
888 1912 1023 1979 Quinctio
1049 1928 1123 1965 snno
1149 1911 1249 1964 aetatis

47 1985 114 2037 uu
132 1986 165 2038 ab
185 2001 221 2038 eo
240 1984 338 2037 hahita
355 1994 400 2038 est
423 1985 612 2055 primumque
637 1987 694 2038 suit
713 1985 896 2055 eloquentiae
916 1985 1063 2037 iudicialis
1081 1983 1249 2054 specimens

47 2058 105 2110 Nost.
151 2058 300 2125 Quinctius
325 2057 465 2126 defensus,
503 2058 565 2111 eius
593 2059 730 2112 defensio.
760 2075 787 2110 v.
813 2058 848 2110 sd
866 2058 939 2110 Αιιιι.
960 2062 993 2124 1,
1013 2061 1043 2121 8,
1064 2060 1088 2112 7.
1130 2057 1251 2122 Quintus

47 2131 76 2183 ui
92 2148 132 2200 pc.
171 2130 305 2197 Quintius
329 2133 389 2184 Put.
415 2129 506 2184 Rhen.
526 2138 602 2196 tres,
635 2128 979 2201 Lips.Pith.Seeb.D1-.
1001 2131 1100 2184 (is-
1131 2127 1250 2182 Arcisius

46 2212 106 2273 portu
123 2203 186 2256 edd.
207 2212 265 2256 vet.
286 2212 319 2254 ut
336 2203 386 2256 Dr.
408 2211 436 2257 et
456 2203 500 2256 Os.
536 2211 619 2274 poeta
637 2205 774 2258 omissum
795 2205 827 2254 in
846 2201 909 2256 edo.
930 2203 1007 2275 Lips.
1029 2209 1057 2256 et
1076 2217 1133 2254 rec.
1166 2200 1250 2254 Glos-

46 2295 88 2328 nm
104 2293 219 2345 quoque
239 2275 371 2330 redolere
390 2276 515 2328 videtur.
554 2275 596 2328 Cf.
616 2275 652 2328 ud
670 2293 694 2328 c.
716 2281 740 2330 1.
760 2294 788 2328 n.
808 2279 834 2332 3.
854 2303 890 2316 -
925 2277 1050 2328 Catilina
1077 2282 1104 2328 et
1127 2273 1197 2326 Milo
1222 2281 1250 2325 et

49 2347 121 2404 Verres
138 2357 163 2400 et
177 2350 320 2402 Antonius
334 2365 372 2401 sc.
393 2349 426 2401 ab
446 2348 500 2401 illo
520 2349 656 2414 accusati,
675 2346 704 2401 h.
726 2365 749 2402 e.
771 2363 871 2402 eorum
889 2349 1095 2411 eccsssationes,
1116 2344 1250 2414 utdesen-
1347 2377 1358 2394 .

47 2441 78 2473 us
91 2439 141 2490 pso
159 2418 292 2489 defensio.
313 2441 340 2473 v.
362 2419 397 2474 sd
415 2420 488 2473 Ann.
509 2425 541 2486 1,
561 2423 592 2487 8,
611 2424 637 2476 7.
657 2449 693 2460 -
729 2419 801 2474 hanc
819 2423 867 2474 iili
876 2419 990 2488 samum
1009 2421 1249 2478 circumdederunt,

49 2512 65 2543 ι.
81 2494 110 2545 ad
127 2494 197 2568 Agr.
219 2497 262 2548 23.
282 2512 310 2546 ιι.
331 2498 356 2547 1.
377 2521 412 2532 -
431 2513 486 2546 non
504 2496 572 2565 quia
591 2499 670 2546 tanti
678 2493 744 2563 suit
762 2493 803 2546 rei
818 2494 961 2564 publicae,
979 2495 1069 2546 mulos
1081 2491 1160 2561 serre
1180 2497 1249 2546 ciues

48 2573 106 2619 recte
132 2566 317 2635 scripserunt
345 2566 447 2619 Heum.
469 2567 547 2620 Seeb.
569 2565 618 2617 Dr.
640 2565 683 2618 Os.
723 2565 771 2620 Sic
794 2571 872 2620 tenti
898 2576 938 2620 est
961 2568 1034 2618 mini
1057 2581 1101 2634 sp.
1130 2565 1191 2617 Cic.
1218 2565 1248 2615 iu

48 2639 113 2690 tant.
132 2644 163 2702 1,
182 2643 209 2695 3.
231 2642 265 2704 2,
284 2643 312 2694 7.
338 2638 368 2691 h.
389 2656 412 2691 e.
433 2646 491 2690 tam
512 2639 604 2702 utile,
639 2638 687 2690 vel
712 2639 780 2690 satis
808 2654 915 2692 causae.
949 2638 991 2692 cf.
1011 2637 1047 2690 ad
1067 2654 1090 2689 c.
1109 2641 1152 2692 10.
1173 2655 1201 2688 ιι.
1223 2639 1247 2690 7.

48 2711 120 2781 intpp.
140 2713 226 2780 Prop.
246 2715 278 2772 3,
298 2715 348 2776 13,
369 2716 394 2766 3.
423 2718 451 2764 et
476 2711 547 2764 Eun.
573 2711 646 2762 clav.
668 2710 727 2764 Cic.
764 2729 820 2764 non
839 2715 905 2782 quia
923 2709 1095 2779 tuntisuit‚
1123 2727 1179 2760 rem
1200 2725 1249 2776 pu·

47 2785 124 2837 tticum
140 2787 230 2837 mulos
244 2781 272 2851 s.
293 2803 314 2836 c.
334 2783 473 2852 quaedem
493 2783 557 2837 edd.
578 2799 636 2836 rec.
668 2788 747 2836 tanti
757 2781 821 2851 suit
840 2785 871 2835 11.
895 2784 922 2836 Ρ.
941 2787 1029 2837 mutos
1040 2781 1069 2852 s.
1089 2800 1110 2834 c.
1136 2781 1180 2834 ed.
1201 2797 1246 2850 pr.

47 2857 91 2908 Fut
109 2857 197 2910 Rhen.
219 2863 296 2923 tres,
316 2855 392 2925 hips.
413 2855 488 2909 Pith.
508 2856 591 2910 Bern.
615 2855 704 2909 Gron.
724 2856 795 2909 Ern.
815 2858 893 2925 quod
911 2866 1035 2926 utroque
1054 2853 1139 2908 inodo
1159 2852 1248 2906 intel-

47 2927 87 2980 liui
106 2937 206 2998 potest.
235 2957 271 2968 —-
309 2933 441 2998 inquietis
467 2929 635 2998 temporibus
658 2933 784 2993 exstitit,
813 2930 944 2996 concisio,
970 2927 1110 2991 eminuit5
1141 2925 1248 2979 schulz.

48 2973 77 3050 Gi.
101 3001 132 3054 sd
159 3018 224 3072 cap.
244 3005 287 3058 32.
315 3019 343 3053 n.
362 3005 388 3056 2.
415 3009 443 3056 et
467 3003 502 3054 ad
525 3003 559 3053 H.
580 3005 617 3066 3,
636 3003 692 3064 29,
713 3005 737 3057 5.
776 3005 886 3056 exsistit
912 3003 989 3072 hips.
1016 3003 1046 3055 in
1071 3017 1134 3054 enar
1157 3041 1162 3052 .
1184 2997 1247 3052 edo.

48 3082 131 3139 poster.
167 3073 227 3126 Sed
245 3077 355 3127 exstitit
373 3075 502 3146 ἀορίστως
520 3075 640 3126 dictum.
666 3075 708 3127 Cf.
730 3073 764 3126 ed
784 3073 855 3128 Ann.
878 3079 922 3144 oo,
942 3079 985 3132 61.
1006 3085 1034 3129 et
1053 3018 1161 3148 ligni.
1182 3090 1209 3122 n.
1224 3075 1247 3124 1.

101 3149 123 3200 5.
161 3147 272 3201 Similis
290 3149 460 3218 eloquentiae
473 3148 604 3207 conditio,
624 3149 733 3200 rectius
746 3149 910 3219 eloquentius
930 3149 1013 3202 Sciet.
1047 3147 1091 3199 lta
1110 3153 1138 3197 et
1154 3143 1248 3214 aptius

49 3219 195 3288 paulopost
216 3223 399 3281 nobilitatus,
431 3221 479 3272 oui
508 3221 659 3273 nobilitata
684 3219 855 3275 substituere
883 3223 984 3275 Heum.
1013 3219 1075 3286 Bip.
1097 3218 1134 3270 sl.
1173 3215 1250 3283 „Seu

50 3289 71 3339 in
84 3307 152 3360 seqq.
172 3292 268 3344 intell.
288 3302 403 3352 orator,
438 3309 532 3360 neque
551 3301 593 3346 est
612 3291 690 3360 quod
709 3292 835 3346 offendas
855 3295 955 3346 intuli
975 3291 1125 3344 transitu.'’
1150 3291 1200 3342 Dr.
1222 3295 1250 3340 et

52 3365 84 3414 Os.
100 3393 131 3404 -
154 3362 229 3418 Num
246 3383 299 3436 quo
316 3371 426 3436 saepius
443 3371 548 3420 steterit
567 3373 701 3436 tunquam
720 3371 750 3417 in
769 3369 828 3417 ucie
848 3374 902 3420 cet.
923 3368 959 3418 ci.
979 3365 1015 3418 ad
1035 3380 1096 3433 cup.
1118 3367 1162 3416 lo.
1182 3379 1210 3412 n.
1222 3363 1248 3414 11.

50 3463 75 3474 -
88 3455 133 3506 quo
150 3441 245 3490 maior
262 3440 433 3494 aduersarius
452 3437 521 3506 (est)
539 3447 566 3491 et
585 3439 667 3507 (quo)
687 3441 806 3492 acriores
822 3457 933 3510 pugnes
950 3439 1004 3490 siti
1022 3441 1084 3506 ipsu
1101 3436 1251 3502 desumpse-

51 3511 78 3558 n't
93 3527 125 3562 sc.
143 3510 319 3578 eloquentie.
356 3513 399 3568 lts
418 3511 575 3587 legendum
595 3510 780 3564 crediderim.
801 3529 898 3581 quom.
913 3511 1093 3568 aduersarius,
1112 3527 1142 3560 eo
1158 3510 1251 3558 unior

50 3599 84 3646 pn
96 3601 198 3653 pugeeas
219 3585 273 3640 sibi
292 3589 367 3656 ipsus
384 3586 562 3655 desumpserit
580 3583 656 3636 liber
674 3591 757 3636 vetus
776 3585 815 3649 (c.
834 3584 933 3649 Fam.)
962 3590 1035 3636 teste
1056 3580 1133 3650 Lips.
1155 3579 1186 3631 in
1206 3577 1249 3630 ed.

52 3669 82 3720 pr.
111 3673 159 3724 quo
176 3675 214 3709 m.
235 3660 315 3718 adu,
342 3677 371 3710 eo
390 3662 484 3711 uerior
501 3663 551 3730 qui
566 3674 676 3728 pugnus
694 3657 749 3709 siti
766 3675 877 3722 asperus
896 3656 921 3709 d.
942 3655 1006 3708 edd.
1026 3662 1083 3707 vet.
1103 3661 1171 3706 unte
1189 3649 1251 3722 Bip.

52 3743 134 3792 quom.
153 3731 214 3782 udo.
233 3739 261 3783 et
279 3737 372 3784 uerior
395 3737 436 3794 (v.
463 3729 498 3783 ed
524 3731 560 3783 11.
582 3735 617 3795 1,
636 3731 688 3794 21,
708 3733 749 3792 7.)
778 3730 834 3783 lus.
861 3731 922 3783 Vnt.
943 3731 1022 3783 1862.
1050 3733 1079 3780 et
1105 3725 1168 3778 odd.
1190 3741 1249 3776 tec.

53 3805 138 3866 quicum
154 3821 265 3874 pugnus
283 3807 337 3858 sibi
355 3804 509 3863 asuerusd.
537 3803 599 3855 edd.
628 3801 689 3871 Bip.
715 3803 764 3854 Ob.
784 3803 852 3856 Sch.
872 3802 909 3855 el.
929 3819 964 3855 ex
984 3797 1094 3854 emend.
1115 3799 1178 3851 leat.
1200 3797 1252 3850 Lu·

54 3871 107 3924 11ιί1
123 3875 193 3928 Bibl.
214 3877 247 3929 T.
264 3877 302 3930 11.
321 3895 350 3947 p.
370 3881 415 3934 37.
453 3895 505 3948 quo
523 3881 615 3928 maior
633 3895 659 3928 n.
679 3881 707 3926 et
725 3878 832 3938 acrior,
860 3893 912 3946 quo
933 3875 1025 3946 piures
1042 3889 1154 3944 pugnus
1173 3887 1248 3924 cocu.

55 3944 113 4013 Lips.
131 3957 231 4020 querno
249 3957 341 4004 maior
359 3953 420 4005 udo.
440 3957 482 4002 est
500 3956 528 3999 et
546 3951 666 4000 acriores
682 3967 793 4019 pugnus
811 3949 867 4002 sibi
885 3952 946 4016 ipsu
958 3947 1151 4015 desumpserit,
1171 3950 1251 3995 tento

55 4019 122 4071 citior
144 4030 171 4074 et
196 4025 329 4078 excelsior
351 4033 378 4077 et
396 4025 454 4076 iliis
474 4023 621 4074 nobilitato
639 4022 804 4075 criminibus
822 4026 852 4075 in
872 4037 916 4072 ore
934 4019 1076 4072 hominum
1094 4022 1157 4088 ugit
1175 4015 1251 4070 Orel.

56 4087 164 4146 iliorum
192 4097 380 4150 coniecturae
405 4109 464 4147 non
490 4093 597 4165 dignae
621 4102 687 4146 sunt
715 4111 787 4163 quse
813 4100 1026 4150 recenseantur.
1063 4107 1175 4160 pugnos
1199 4086 1254 4140 siti

57 4165 103 4226 ‘'Ptfl
117 4167 302 4238 desumpserit,
325 4178 356 4220 ut
376 4183 463 4220 naves
482 4169 556 4218 inter
573 4183 600 4220 se
619 4183 727 4220 cursum
746 4175 930 4237 certamenque
948 4165 1093 4219 desumunt
1112 4162 1187 4215 Plin.
1208 4175 1252 4230 ep.

57 4233 136 4302 822⁰,
154 4243 179 4294 7.
212 4244 349 4312 populum
366 4240 446 4292 Rom.
465 4241 518 4292 sihi
536 4239 671 4294 desumere
688 4239 792 4293 hostem
812 4239 877 4293 niv.
896 4241 925 4303 7,
943 4239 987 4294 20.
1006 4240 1051 4302 38,
1070 4237 1114 4290 15.
1151 4247 1255 4286 summ

58 4307 99 4356 n'ti
112 4311 224 4369 nudiusn
241 4312 435 4384 philosophiae
454 4311 620 4366 cicsscad.
641 4315 671 4379 1,
691 4315 717 4368 2.
738 4321 767 4367 et
785 4313 847 4365 sim.
867 4341 904 4353 -
930 4317 1011 4364 tanto
1030 4311 1135 4366 altior,
1154 4320 1254 4375 propr.

60 4393 80 4426 u
93 4381 182 4447 citior,
211 4387 282 4458 quie
300 4385 453 4456 praecedit
469 4403 525 4463 quo
543 4390 643 4439 mutor.
683 4385 729 4460 lte
747 4385 806 4440 coe.
828 4383 863 4438 ed
881 4383 938 4438 siv.
960 4387 1011 4448 10,
1031 4385 1075 4438 23.
1095 4377 1184 4435 dixit:
1202 4395 1256 4448 quo
