2904 4802
175 231 238 294 lid
482 221 706 293 DIALOGUS
727 222 786 286 DE
809 221 1095 288 ORATORIBUS.

178 395 318 450 isocrates
335 393 449 464 sorensi
475 397 531 449 lucc
546 393 676 447 caraine
704 388 832 456 dieitur;
855 391 907 444 Dr.
945 389 989 444 Gi.
1010 389 1047 444 ad
1065 407 1091 445 e.
1111 393 1154 446 13.
1174 409 1203 444 ιι.
1222 394 1250 448 6.
1271 419 1306 432 -
1358 399 1441 446 sru-

177 468 316 527 dentibus,
336 486 362 521 v.
382 467 419 521 ad
437 484 500 538 cap.
519 471 564 525 21.
584 484 613 518 ιι.
633 469 709 521 7.-
727 467 801 516 inter
819 468 882 534 ipsa
900 464 1084 528 discrimina,
1103 471 1135 516 ut
1155 482 1200 536 ap.
1221 463 1352 531 Quintil.
1373 467 1438 530 12,

176 543 213 606 8,
235 544 262 595 1.
296 548 336 594 est
361 544 494 611 proprius
517 540 630 612 quidam
642 533 709 606 sori
723 533 878 605 profectas,
906 540 967 590 alia
985 537 1048 598 lua,
1077 539 1140 590 alia
1157 541 1217 591 seri
1234 537 1439 592 discriminis

169 609 273 681 sactes.
292 639 329 653 ·-
358 621 410 666 aut
426 610 669 672 manuleatus,
696 609 774 677 quod
792 609 831 662 sit
850 609 1109 663 contradictorium
1128 618 1157 663 et
1176 611 1355 676 absurdum,
1389 620 1437 664 ut

177 701 229 810 'ci'c
243 684 421 814 ‘iiiii'
441 690 485 813 {⁵³4
510 682 941 827 ii‘ioiii'i'bini‘ii'i·
960 681 1021 810 lt.
1046 689 1242 809 {litlot
1269 687 1436 830 ’5ῗῖἵέ

232 796 238 809 ·
294 796 301 810 ·
348 795 356 824 r
413 797 420 810 ·
492 795 501 824 r
933 791 941 820 ι
1023 794 1030 808 ·
1116 793 1123 808 ·
1199 793 1206 809 ·
1226 785 1262 796 ““
1420 789 1438 800 ·

176 846 230 883 nus
248 838 276 882 et
293 833 374 884 iader
392 831 435 885 ed.
455 849 501 902 pr.
522 831 599 900 lips.
620 831 649 894 (e
670 845 694 880 e.
738 832 815 891 arn.)
835 835 864 881 at
882 845 943 882 ree.
961 827 1034 898 quod
1051 837 1075 881 et
1094 829 1174 884 iudea
1192 828 1235 883 ed.
1255 831 1320 882 Put.
1343 831 1430 884 niv.

174 899 240 956 Ber.
266 901 359 958 liban.
383 911 442 957 tres
462 903 528 957 Ald.
548 903 652 956 franc.
672 900 734 954 Col.
754 898 829 954 Pith.
848 929 885 940 -
920 905 976 971 ipsi
1001 901 1116 973 denique
1142 902 1291 966 aduocati,
1321 921 1352 956 v.
1378 904 1431 956 ad

174 989 199 1026 0·
220 980 245 1029 ¹0
265 993 295 1028 ne
313 979 340 1033 ²·
776 983 782 1000 x
1180 1011 1183 1018 '

191 1065 195 1074 ·
246 1051 272 1102 3.
310 1049 328 1102 1
348 1051 406 1102 itur
424 1046 511 1102 initio
531 1047 671 1102 sermonis
688 1045 826 1116 positum.
846 1061 874 1098 r.
894 1043 930 1098 ad
949 1045 984 1099 G.
1005 1047 1049 1101 28.
1069 1063 1097 1099 ιι.
1117 1045 1144 1101 5.
1165 1047 1282 1117 Zumpt.
1304 1045 1427 1100 Grani.

172 1114 203 1186 §·
223 1121 286 1176 357.
307 1067 351 1176 ed.
371 1123 404 1175 V.
427 1151 458 1163 -
490 1123 644 1192 eloquentia
672 1119 877 1181 imbuebantur,
905 1135 933 1171 v.
958 1117 995 1172 ad
1014 1135 1038 1172 e.
1057 1121 1084 1174 2.
1104 1137 1132 1171 ιι.
1152 1123 1179 1175 3.
1202 1147 1233 1160 ·-
1269 1119 1431 1174 habebant

172 1193 262 1259 ipsius
285 1197 386 1264 populi
408 1193 660 1248 diversissimarum
684 1196 795 1244 aurium
821 1193 930 1260 copiam
948 1191 1006 1246 κατ’
1025 1189 1181 1263 ἐπιξήγησιι
1199 1191 1311 1246 dicum
1332 1210 1426 1264 pro:

173 1265 287 1333 copiam
305 1267 420 1338 populi,
440 1267 490 1335 qui
514 1274 625 1320 constat
643 1263 810 1318 hominibus
829 1263 1018 1316 diversissimi
1034 1264 1138 1317 iudicii
1157 1271 1186 1318 et
1205 1281 1321 1330 sensus3
1345 1267 1422 1318 8011.

170 1335 289 1400 „Immo
301 1339 390 1392 verba
408 1340 450 1390 ita
463 1339 651 1392 collocanda:
670 1337 923 1406 balebantcopiam
936 1341 1049 1390 aurium
1067 1337 1164 1390 diuers.
1185 1339 1277 1408 ipsius
1294 1343 1423 1409 populi.

171 1405 233 1460 Hae
246 1418 392 1464 structura
404 1411 454 1464 rel
471 1412 580 1482 optimi
596 1411 752 1481 scriptores
769 1415 899 1462 utuntur.
916 1427 944 1462 a.
959 1411 1065 1462 Manui.
1086 1409 1122 1462 ad
1141 1409 1201 1464 cic.
1223 1427 1267 1480 ep.
1288 1411 1325 1464 ad
1345 1412 1421 1464 div.

171 1483 206 1546 5,
228 1486 281 1550 17,
302 1489 328 1540 3.
349 1483 466 1538 Ruhnk.
486 1485 522 1536 ad
540 1485 616 1538 Veli.
637 1489 668 1548 1,
689 1487 741 1546 17,
760 1484 786 1537 5.
806 1481 904 1535 Brenni
924 1480 960 1534 ad
978 1484 1051 1551 Nep.
1070 1482 1146 1535 Mitt.
1166 1485 1193 1547 3,
1214 1487 1238 1536 1.
1259 1482 1419 1538 Goerenz.

171 1551 209 1605 ad
228 1553 289 1609 (lie.
309 1557 344 1611 de
362 1557 419 1642 leg.
438 1559 458 1614 2
466 1593 476 1624 ,
496 1559 532 1613 17
540 1593 548 1622 ,
568 1560 631 1613 423ν
648 1555 770 1608 Dronke.
801 1553 844 1607 Cf.
864 1554 900 1607 ad
916 1555 987 1629 Agr.
1008 1557 1052 1610 12.
1072 1572 1101 1607 ιι.
1121 1557 1147 1610 5.
1181 1559 1284 1625 populi
1300 1565 1331 1609 et
1349 1559 1419 1612 div.

170 1644 196 1676 u.
226 1629 303 1681 coni.
328 1629 429 1704 Agrac.
454 1637 483 1683 et
509 1632 625 1700 populi,
650 1632 670 1681 i.
700 1627 745 1696 (in
769 1625 844 1681 MSS.
865 1643 920 1698 pro
939 1628 970 1682 id
985 1631 1038 1693 est)
1065 1628 1119 1680 dir.
1138 1633 1250 1680 aurium
1269 1629 1349 1701 Lips.
1371 1661 1420 1672 -

169 1698 398 1766 deprebenderent
423 1701 501 1757 MSS.
526 1704 589 1756 Vat.
623 1709 652 1755 et
677 1701 744 1754 inde
774 1699 818 1753 ed.
853 1699 932 1752 Brot.
966 1699 1038 1752 Ern.
1072 1699 1135 1769 Bip.
1164 1699 1230 1754 soh.
1262 1709 1290 1754 et
1318 1704 1415 1758 aliae.

168 1771 402 1839 deprehendentur
426 1774 470 1828 ed.
496 1793 542 1846 pr.
581 1773 843 1844 depraebmdebutur
870 1774 933 1825 Put.
958 1772 1022 1826 Riv.
1050 1771 1115 1826 Ber.
1136 1770 1227 1828 Rhea.
1247 1779 1272 1828 1.
1309 1776 1418 1847 depre-

170 1842 338 1900 hendebatur·
355 1847 447 1901 Rben.
467 1850 493 1903 2.
514 1853 539 1903 3.
560 1856 614 1901 cet.
634 1845 876 1917 deprebmderetur
893 1845 970 1900 coni.
990 1845 1034 1899 Os.

240 1922 267 1973 i.
298 1920 406 1989 faciem
424 1921 612 1992 eloquentiae,
630 1937 715 1973 usum
734 1919 796 1973 eius
816 1933 913 1972 coram
933 1917 1124 1981 auditoribus,
1145 1933 1216 1988 quos
1235 1921 1412 1990 aspicimus,

169 2007 225 2043 non
243 1997 357 2045 tantum
377 1997 546 2064 imaginem,
575 2009 680 2046 vanam
700 1991 843 2062 speciem,
876 2007 961 2042 usum
982 1991 1043 2044 eius
1061 1989 1092 2042 in
1111 1990 1221 2044 scholis
1239 1991 1411 2047 rhetorum.

169 2061 213 2115 Gi.
232 2063 324 2118 Boett.
344 2065 376 2118 in
394 2066 462 2119 Lex.
483 2065 778 2136 Tac.v.1mago.-
809 2062 910 2132 serra,
934 2081 990 2117 non
1016 2063 1129 2118 rudibus
1155 2065 1335 2128 dimicantes,
1370 2075 1413 2119 ut

169 2151 213 2204 ap.
241 2135 300 2190 cic.
326 2136 363 2191 de
382 2147 441 2210 opt.
462 2155 529 2214 gen.
551 2155 594 2192 or.
615 2156 640 2192 c.
660 2141 702 2204 5.,
732 2138 867 2191 isocrates
893 2155 949 2190 non
973 2141 1003 2190 in
1028 2141 1088 2190 arie
1109 2147 1237 2192 uersutia·
1261 2147 1289 2192 et
1308 2139 1412 2210 ferro,

158 2207 216 2262 sed
237 2213 320 2278 quasi
343 2211 491 2266 rudibus
516 2215 575 2265 eius
601 2211 689 2264 eludit
706 2215 816 2275 oratius
839 2208 943 2262 Scbnlr.
981 2209 1093 2264 rudibus
1118 2227 1154 2263 ex
1182 2211 1293 2265 emend.
1320 2213 1408 2284 Lips.

166 2281 280 2338 rudibus
309 2297 407 2337 omnes
432 2283 496 2338 edd.
526 2291 592 2336 ante
616 2283 694 2353 lips.
722 2283 800 2351 quod
828 2281 960 2336 defendit
984 2282 1122 2336 Doederl.
1151 2283 1221 2354 Syn.
1240 2289 1267 2340 3.
1287 2301 1314 2354 p.
1335 2290 1407 2343 266.

168 2354 259 2420 Malas
285 2355 487 2426 metaphoram
513 2356 592 2409 enim
611 2373 627 2408 a
647 2354 857 2430 gladiatoribus
883 2371 943 2408 esse
967 2362 1097 2420 cenetam
1123 2355 1200 2427 Lips.
1239 2357 1327 2412 Rudis
1351 2361 1408 2412 vel

168 2426 282 2500 gladius
301 2427 436 2503 ligneus,
466 2445 523 2499 quo
542 2428 697 2482 batuebant
715 2428 844 2491 tirones,
870 2427 919 2480 vel
939 2428 1051 2494 ferula,
1078 2445 1135 2496 qua
1153 2429 1306 2482 utebantur
1324 2431 1408 2483 lani-

168 2505 228 2553 stae
256 2507 351 2554 artem
376 2501 511 2556 docentes
540 2517 652 2571 quaque
677 2500 776 2554 donati
803 2499 978 2574 gladiatores
1001 2517 1051 2554 seu
1069 2499 1235 2556 libertatem
1259 2502 1409 2572 impetra-

167 2571 254 2636 bant,
289 2589 340 2626 seu
359 2575 541 2628 vacationem
559 2591 574 2626 a
592 2591 693 2649 pugna
712 2583 741 2627 et
758 2589 862 2625 munus
881 2572 1061 2626 lanistarum.
1100 2573 1144 2627 Cf.
1165 2575 1201 2628 ad
1218 2591 1280 2645 cap.
1300 2581 1343 2631 to.
1370 2595 1404 2630 n.

167 2648 194 2700 6.
232 2644 327 2698 Faber
352 2645 542 2701 Semestrium
569 2646 621 2699 lib.
648 2661 704 2699 see.
733 2645 1096 2716 Pans.1575.t.p.243.
1125 2647 1317 2704 Garaton..ad
1336 2649 1403 2702 Cic.

168 2715 245 2772 Phil.
264 2719 301 2784 2,
321 2721 365 2775 30.
386 2727 416 2772 et
434 2719 469 2773 de
487 2718 702 2790 permutatione
721 2733 804 2772 roeo.
843 2717 921 2772 rudis
940 2727 968 2772 et
986 2719 1064 2772 sudes
1083 2718 1177 2790 intpp.
1198 2719 1261 2772 Liv.
1280 2723 1331 2788 23,
1351 2725 1403 2776 51.

168 2787 223 2843 sit.
243 2793 276 2858 8,
296 2793 359 2846 552.
379 2791 457 2846 Suet.
479 2791 540 2845 eal.
560 2795 604 2847 32.
625 2789 696 2844 Sall.
716 2790 778 2845 Ost.
799 2792 852 2856 56,
871 2795 897 2847 3.
918 2797 947 2844 et
965 2791 1047 2866 Virg.
1067 2790 1138 2845 Aen.
1158 2796 1190 2858 7,
1209 2795 1271 2848 521.
1290 2823 1325 2834 -
1352 2797 1409 2848 aed

168 2863 340 2917 auditorium
358 2881 465 2934 semper
481 2867 594 2933 plenum
612 2880 651 2916 sc.
674 2871 745 2916 erat.
782 2872 809 2916 et
832 2864 1005 2918 auditorium
1031 2875 1080 2928 (se.
1102 2882 1162 2919 non
1180 2864 1290 2931 deerat)
1319 2883 1402 2921 corr.

167 2933 265 2989 Schel.
286 2943 315 2989 et
332 2935 449 2990 Schulz.
488 2935 545 2990 Sed
570 2935 738 2988 coniunctio
762 2935 943 2990 adversativa
961 2937 1033 2991 bene
1051 2954 1081 2990 se
1099 2937 1201 3002 habet;
1228 2941 1279 2992 Dr.
1314 2939 1405 2994 dimi-

167 3015 261 3062 cantes
286 3009 326 3061 ad
348 3009 452 3078 (apud)
478 3009 651 3062 auditorium
674 3008 750 3061 coni.
779 3007 950 3062 Rauchenst.
997 3011 1130 3064 Fortasse
1147 3011 1195 3064 sed
1211 3012 1327 3065 omnino
1345 3013 1401 3066 de-

168 3081 292 3134 lendum
309 3087 412 3150 utpote
430 3099 446 3134 e
465 3081 666 3156 geminatione
686 3081 767 3134 inter
784 3099 812 3136 es
829 3081 888 3134 aud
897 3089 1010 3147 ortum3
1034 3082 1106 3135 Orel.
1122 3111 1158 3124 -·
1176 3101 1400 3154 sempernovum,

168 3153 252 3207 novis
270 3151 452 3206 auditoribus
471 3154 627 3223 replemm.
646 3179 683 3191 -
711 3161 744 3204 ut
768 3172 816 3206 nec
838 3155 901 3207 bene
925 3155 1001 3207 dicta
1018 3156 1280 3210 dissimularentur:
1301 3159 1331 3210 in
1350 3159 1398 3214 ed.

168 3224 243 3279 Pitb.
282 3233 315 3278 ut
333 3244 382 3280 nec
400 3227 464 3280 bene
483 3241 532 3280 ner
549 3225 777 3287 maledicturi,
806 3234 835 3281 et
854 3226 995 3301 Agricola
1013 3228 1090 3282 coni.
1132 3235 1164 3281 ut
1186 3249 1234 3284 nec
1258 3235 1399 3285 malente

167 3299 232 3352 bene
250 3299 327 3352 dicta
344 3299 370 3354 d.
406 3300 469 3354 Hoc
497 3299 597 3352 arrisit
624 3298 724 3368 lipsio
743 3307 772 3352 et
790 3299 868 3352 Erot.
889 3307 1097 3370 receptumque
1117 3308 1159 3354 est
1177 3321 1193 3356 a
1211 3302 1274 3374 Bip.
1294 3314 1324 3356 ut
1341 3305 1398 3357 du·

166 3372 238 3442 plex
263 3371 429 3427 auditorum
455 3389 545 3448 genus
571 3371 751 3428 resistatur.
788 3372 869 3426 lllud
897 3373 1008 3426 rectius
1035 3373 1154 3428 videtur
1180 3375 1301 3430 Orellio.
1337 3377 1397 3431 Sed

166 3443 321 3520 vulgatum
340 3444 470 3500 defendit
488 3443 604 3498 Sebulz.
646 3443 670 3497 is
688 3445 800 3498 verbisz
835 3445 891 3512 „In
910 3461 989 3515 seqq.
1016 3447 1047 3500 id
1073 3447 1136 3521 agit
1154 3455 1268 3514 nomer,
1296 3457 1325 3500 ut
1344 3450 1398 3503 do-

168 3525 248 3584 ceat,
278 3519 385 3571 famam
405 3518 588 3588 eloquentiae
607 3517 693 3570 etiam
711 3517 745 3570 ab
764 3515 997 3572 adversariorum
1017 3528 1046 3573 et
1064 3518 1233 3574 invidorum
1252 3521 1395 3577 subselliis

167 3605 290 3664 surgere
310 3591 417 3645 solere·
451 3591 515 3644 Hoc
533 3605 604 3644 vero
623 3589 689 3642 fleri
708 3606 769 3643 non
787 3597 897 3660 potest,
930 3591 988 3644 nisi
1014 3599 1048 3644 ut
1073 3609 1122 3645 nec
1145 3593 1300 3648 benedicta
1315 3595 1397 3650 dissi-

167 3665 314 3716 mulentur.
352 3663 407 3717 Est
431 3663 461 3716 b.
481 3663 502 3716 l.
529 3659 703 3736 βραχυλόγος
727 3662 818 3716 dictio
843 3661 899 3716 hoc
923 3681 1009 3717 sensu
1034 3665 1188 3734 capienda:
1221 3675 1254 3719 ut
1280 3668 1393 3736 quidem

168 3735 245 3789 snale
264 3735 340 3789 dicta
359 3737 571 3811 sugillarentur
590 3741 620 3788 et
643 3736 862 3809 exagitarentur
885 3735 919 3788 ab
945 3735 1053 3790 invidis
1077 3745 1107 3791 et
1131 3739 1319 3806 adversariis,
1351 3741 1394 3794 ita

167 3815 283 3871 tamen,
309 3815 357 3934 ut(¹
368 3809 441 3864 bene
460 3808 538 3862 diota
557 3823 647 3877 aeque
666 3808 856 3862 laudarentur
873 3807 908 3861 ab
927 3807 1003 3863 illis:
1034 3810 1129 3864 virtus
1149 3811 1229 3866 enim
1248 3821 1277 3867 et
1294 3813 1323 3866 in
1340 3811 1393 3867 ho·

168 3887 211 3934 ste
229 3881 336 3936 laudan
358 3885 402 3936 a.''

239 3957 266 4009 5.
304 3958 334 4007 in
352 3955 466 4010 diensis
483 3955 634 4018 subselliis,
662 3953 904 4010 adversariorum.
937 3973 964 4009 v.
991 3955 1027 4008 ad
1049 3959 1124 4010 Anu.
1144 3958 1177 4024 2,
1196 3961 1249 4023 60,
1269 3963 1294 4013 1.
1327 3958 1395 4010 Sub-

167 4029 250 4079 sellia
269 4026 300 4078 in
319 4026 435 4082 iudiciis
454 4044 513 4081 non
531 4027 616 4081 modo
636 4026 768 4081 iudicum
789 4029 885 4096 sedes,
918 4027 969 4082 sed
987 4029 1076 4082 etiam
1094 4037 1301 4100 patronorum,
1326 4049 1393 4084 cau·

168 4097 348 4168 sidieorum,
375 4101 600 4168 advocatorum,
623 4099 756 4168 testium,
782 4101 943 4154 amicorum
962 4101 1224 4174 utriusquepartis
1244 4121 1260 4157 e
1278 4104 1393 4228 regione

170 4172 337 4243 oppositae:
358 4175 434 4228 unde
453 4174 568 4228 diversis
587 4177 708 4234 struis,
732 4173 965 4226 adversariorum
985 4181 1015 4228 et
1034 4174 1213 4243 amisorum,
1242 4179 1393 4230 inviarum

173 4251 201 4296 et
213 4245 386 4316 faventium.
404 4245 570 4319 -surgere
582 4245 710 4315 famam,
729 4263 756 4299 v.
777 4245 812 4298 ad
830 4245 866 4298 H.
886 4250 923 4311 2,
942 4247 994 4313 tt,
1015 4251 1087 4301 1.-
1104 4249 1154 4300 sub
1172 4251 1305 4304 eiusmodi
1316 4269 1394 4320 prae·

173 4320 343 4386 ceptionibus
362 4317 425 4372 edd.
446 4325 504 4372 vet.
543 4321 665 4386 „Restm
686 4319 706 4371 i.
718 4335 742 4372 e.
758 4317 882 4372 diversis
895 4319 987 4372 modis
1003 4321 1178 4374 instituendi
1197 4339 1230 4374 ac
1249 4323 1393 4388 formandi,

174 4390 220 4443 vel
242 4407 294 4462 pro
314 4394 554 4464 praeceptoribus.-
572 4409 639 4446 nam
660 4398 736 4445 amat
754 4387 825 4450 haee
844 4399 919 4446 aetas
938 4391 1089 4460 abstracta,
1109 4401 1141 4447 ut
1153 4395 1245 4462 aiunt,
1264 4411 1315 4467 pro
1329 4413 1394 4452 con·
