2904 4802
142 221 144 227 ’
182 209 248 287 ilbi
492 205 716 272 DIALOGUS
738 205 796 270 DE
819 201 1109 270 ORATORIBUS.
1166 147 1174 154 ·

184 397 252 440 non
273 375 422 464 imperiti
445 377 595 438 etmulti
617 373 821 454 deliberent,
863 371 921 452 sed
944 373 1214 456 sapientissimus
1239 379 1273 432 et
1304 371 1446 432 unus?

185 461 276 545 Quid
295 463 494 526 voluntariis
516 461 798 538 accusationibus,
813 524 821 536 ,
838 479 941 542 quum
970 467 1038 518 tam
1066 475 1145 517 raro
1173 464 1294 517 ettam
1317 473 1446 538 parce

185 549 365 630 peccetur?
389 541 478 625 Quid
499 543 671 608 invidiosis
694 553 727 605 et
747 540 979 604 excedentibus
1001 538 1135 600 modum
1155 536 1446 612 defensionibus,

185 651 289 712 quum
318 629 490 692 clementia
518 629 745 715 cognoscentis
773 627 905 688 obviam
931 622 1197 708 periclitantibus
1220 625 1297 684 eat?
1337 620 1446 682 Cre-

185 713 272 794 dite,
295 715 413 796 optimi
436 721 487 791 et,
510 713 546 772 in
568 721 728 792 quantum
750 729 833 791 opus
856 717 923 786 est,
954 707 1167 768 disertissimi
1187 707 1272 777 viri,
1306 708 1335 767 si
1366 715 1446 766 aut

183 818 244 862 vos
267 798 438 880 prioribus
460 796 618 874 saeculis,
641 802 700 856 aut
719 795 792 871 isti,
821 811 903 873 quos
925 794 1109 868 miramur,
1139 790 1191 850 his
1213 792 1282 850 nati
1304 801 1446 851 essent

184 901 223 944 ac
247 881 328 943 deus
349 881 467 962 aliquis
492 881 578 940 vitas
599 886 743 948 vestras,
770 885 883 938 uestra
904 883 1055 957 tempora
1075 882 1213 955 repente
1234 882 1442 949 mutasset3

184 985 246 1028 nec
274 965 369 1027 vobis
399 981 528 1023 summa
556 962 613 1022 illa
641 963 714 1022 laus
741 968 774 1022 et
794 960 900 1046 gloria
921 961 956 1017 in
978 959 1181 1040 eloquentia,
1220 977 1329 1039 neque
1355 959 1441 1018 illis

184 1047 302 1110 modus
325 1056 358 1110 et
378 1053 677 1127 temperamentum
699 1041 867 1104 defuisset.
919 1039 1033 1119 Nunc,
1064 1043 1221 1122 quoniam
1241 1061 1340 1102 nemo
1370 1062 1441 1102 eo-

185 1131 260 1194 dem
287 1139 437 1213 tempore
466 1129 596 1210 assequi
624 1135 734 1210 potest
760 1145 912 1212 magnam
940 1127 1060 1184 famam
1089 1132 1122 1184 et
1147 1144 1297 1210 magnam
1323 1129 1441 1206 quie-

184 1223 269 1294 tem,
304 1215 401 1276 bonis
432 1212 554 1274 saeculi
583 1213 637 1273 sui
669 1213 815 1293 quisque
844 1211 929 1270 citra
960 1209 1234 1270 obtrectationem
1273 1210 1439 1272 alterius

183 1307 310 1362 utatur.

257 1437 282 1488 1.
324 1433 371 1486 Sic
388 1449 510 1504 quoque,
544 1431 618 1502 quod
632 1437 754 1500 superest
772 1434 835 1484 anti
854 1433 885 1480 ui
901 1427 1076 1488 oratoribus,
1095 1425 1196 1496 sorum
1214 1456 1250 1467 -
1268 1447 1441 1500 argumen-

183 1513 243 1558 tum
263 1513 312 1558 est.
353 1506 418 1572 (luis
439 1509 510 1558 enim
529 1523 579 1558 nos
598 1505 729 1557 aduocat.⁸
754 1503 795 1555 ita
815 1449 877 1556 edd.
900 1519 958 1554 rec.
980 1519 1015 1553 ex
1034 1501 1147 1553 emend.
1169 1499 1247 1570 Lips.
1268 1509 1298 1554 et
1317 1503 1344 1555 J.
1376 1505 1438 1557 Fr.

185 1577 275 1632 Gron.
298 1578 349 1648 qui
366 1576 438 1631 baec
458 1576 624 1630 annotavit:
651 1577 760 1643 „Recte
780 1575 896 1645 Lipsius
916 1573 1035 1642 scripsit
1052 1593 1108 1626 non
1126 1575 1283 1626 emendatae
1303 1594 1359 1628 nec
1385 1596 1441 1629 us-

183 1669 233 1722 que
253 1651 290 1702 ad
311 1658 404 1705 uotum
424 1653 604 1718 compositae,
636 1656 665 1703 et
694 1666 729 1703 ex
748 1647 804 1700 lllS.
831 1647 917 1700 Farn.
955 1654 1150 1717 argumentum
1169 1653 1216 1699 est.
1255 1647 1325 1713 (luis
1344 1655 1440 1702 emim

184 1730 309 1776 noscet.
350 1721 406 1777 Sed
426 1723 514 1775 etiam
535 1723 593 1796 leg.
624 1725 737 1791 antiqui
755 1736 810 1790 pro
830 1723 963 1789 antiquis.
1002 1719 1114 1789 Nempe
1143 1719 1295 1773 conciones
1321 1731 1439 1774 sustu-

184 1795 284 1850 lerunt
303 1794 444 1849 Caesares.
483 1795 547 1848 Una
569 1794 645 1848 ratio
666 1812 701 1847 ex
720 1801 764 1846 tot
782 1793 859 1862 apud
878 1792 1011 1859 antiquos
1031 1791 1227 1845 occasionibus
1247 1795 1437 1848 ostentandi

185 1867 302 1942 ingenii
322 1875 350 1922 et
370 1867 555 1936 eloquentiae
575 1865 752 1921 exercendae
778 1865 883 1918 relicta
911 1871 987 1928 erat,
1010 1861 1110 1930 sorum
1135 1871 1163 1918 et
1187 1881 1338 1918 causarum
1369 1887 1436 1938 pa-

184 1941 321 1994 trocinia.
359 1940 423 1993 Hoc
441 1943 556 2010 antiqui
573 1940 667 1993 solum
688 1937 850 1992 oratoribus
869 1943 1032 2005 supererat:
1064 1955 1130 1990 nam
1149 1938 1223 2008 quod
1237 1943 1356 2010 antiqui
1380 1942 1435 1993 di·

183 2013 246 2079 xit,
266 2020 299 2064 ut
317 2012 378 2064 Liv.
399 2015 450 2078 31,
470 2015 506 2067 26
525 2012 601 2065 med.
633 2011 713 2079 Quod
728 2015 838 2064 maturi
857 2017 918 2060 erat
936 2013 1025 2072 circa,
1045 2011 1192 2064 demessum
1211 2019 1237 2063 et
1255 2023 1435 2068 conuectum

185 2087 253 2140 est.'’
290 2083 339 2138 Sic
366 2091 396 2137 et
413 2085 488 2156 quod
509 2083 551 2148 (h.
573 2103 596 2137 e.
617 2091 774 2152 quantum,
801 2081 955 2151 quicquid)
975 2087 1031 2136 eius
1050 2087 1101 2148 (sc.
1122 2083 1292 2158 agrillsiv.
1314 2089 1347 2154 5,
1374 2092 1434 2144 25.

183 2158 256 2229 quael
277 2161 323 2210 sui
345 2157 408 2210 Liv.
428 2161 480 2224 29,
499 2159 544 2213 21.
580 2157 639 2210 Cic.
661 2155 709 2210 off.
732 2161 763 2221 1,
783 2160 826 2212 31.
864 2155 938 2225 quod
954 2158 1075 2208 militum
1104 2155 1167 2207 Liv.
1187 2159 1238 2222 m,
1258 2161 1301 2212 40.
1340 2163 1439 2230 quod

182 2235 276 2293 muri,
302 2229 453 2298 praesidii,
478 2231 666 2298 supplementi
684 2235 737 2282 cet.
769 2227 818 2280 vel
836 2229 967 2299 quiequid
983 2233 1040 2282 eius
1059 2228 1121 2282 niv.
1142 2231 1197 2294 12,
1218 2231 1242 2283 8.
1272 2249 1298 2284 v.
1320 2231 1432 2287 Drak.

185 2312 213 2356 et
231 2301 307 2356 nuk.
327 2301 364 2354 ad
383 2301 447 2353 Liv.
468 2303 521 2368 29,
541 2303 584 2356 21.
605 2305 659 2368 31,
679 2305 723 2356 lo.
743 2301 835 2353 Periz.
857 2299 893 2352 ad
912 2299 1007 2354 Sanct.
1028 2301 1096 2353 nin.
1116 2305 1147 2366 3,
1167 2305 1200 2367 6,
1221 2307 1245 2356 1.
1266 2306 1298 2369 ll,
1318 2307 1346 2371 ll,
1374 2312 1432 2363 77.

183 2378 226 2430 84.
247 2375 345 2427 Burm.
367 2373 402 2426 ad
421 2373 502 2428 ovid.
525 2373 593 2426 Her.
613 2377 644 2440 8,
664 2375 689 2428 5.
729 2373 775 2425 Sic
791 2391 909 2445 quoque,
939 2375 1013 2444 quod
1032 2382 1155 2442 superest
1174 2379 1299 2446 antiquis
1319 2389 1437 2433 orato-

183 2449 274 2508 ribus,
299 2445 400 2514 forum
422 2465 476 2499 nan
505 2447 646 2499 emendare
671 2465 720 2500 nec
743 2464 858 2517 usquam
877 2447 917 2498 acl
930 2454 1024 2500 votum
1043 2465 1127 2517 comp.
1148 2452 1199 2500 eiu.
1218 2461 1437 2520 argumentum

183 2529 223 2576 est
240 2520 365 2592 quidem,
385 2521 457 2590 quod
471 2538 548 2572 nemo
568 2539 618 2572 nos
636 2519 767 2580 aduocat,
786 2523 976 2572 nisi—miser
995 2519 1056 2574 edd.
1078 2527 1135 2572 ret.
1156 2527 1222 2574 ante
1241 2522 1319 2592 Lips.
1358 2527 1436 2580 Hoc

183 2613 287 2666 quoqne
306 2593 380 2664 quod
393 2601 514 2662 superest
533 2595 656 2662 antiquis
675 2594 848 2655 oratoribus,
866 2590 966 2660 forum
984 2591 1103 2662 scripsit
1122 2592 1225 2648 Heum.
1264 2614 1435 2667 argaman.

184 2677 245 2720 tum
264 2673 313 2718 est.
354 2665 430 2733 Quid
446 2669 536 2726 enim,
566 2665 640 2736 quod
660 2684 736 2719 nemo
765 2684 814 2718 nos
833 2651 1047 2718 aduocat⁸dedit
1067 2661 1139 2718 Pith.
1177 2687 1291 2739 usquam
1311 2670 1434 2726 defen.

184 2739 229 2794 dit
249 2739 292 2792 Os.
318 2745 351 2788 ut
377 2738 414 2790 sit
433 2741 491 2791 ulla
510 2741 540 2791 in
559 2757 596 2790 re.
635 2737 712 2804 „Sed
739 2737 890 2790 Latinitas·
916 2737 1096 2791 contrarium
1116 2745 1172 2803 est,
1205 2747 1233 2793 et
1261 2742 1432 2812 aliquanto

183 2811 289 2864 melius
314 2829 414 2880 usque,
444 2809 523 2878 quod
551 2809 680 2880 Lipsius,
711 2810 855 2880 optimum
881 2827 951 2865 vero
975 2829 1055 2881 usque
1080 2829 1202 2882 quaque,
1231 2813 1308 2881 quod
1328 2817 1430 2874 Acid.

185 2885 320 2938 coniecit.
340 2901 368 2935 r.
389 2882 497 2934 Handii
516 2881 641 2936 Tursell.
662 2884 684 2936 1.
704 2899 732 2952 p.
755 2885 814 2938 108.
858 2883 919 2934 Iam
939 2900 1028 2952 quum
1048 2883 1126 2938 inter
1143 2877 1212 2938 duas
1232 2885 1432 2946 coniecturas

184 2957 266 3026 optio
287 2955 388 3020 detur,
407 2954 605 3025 praestantior
622 2955 840 3025 praeferenda.”
863 2955 933 3009 Orsi.
971 2957 1074 3008 Forum
1101 2975 1157 3010 non
1182 2960 1338 3012 emendatae
1369 2983 1434 3020 me

184 3045 371 3099 usquequaque
391 3027 537 3093 (omuibus
556 3027 588 3078 in
607 3029 691 3081 rebus
709 3027 911 3098 partibusque)
935 3029 973 3080 ad
988 3037 1082 3082 uotum
1101 3035 1270 3098 compositae
1288 3038 1433 3093 civitatis

185 3120 247 3172 arg.
268 3109 324 3160 est,
351 3118 378 3152 v.
399 3099 435 3152 ad
454 3116 479 3151 c.
499 3103 543 3154 36.
565 3117 593 3152 n.
614 3104 639 3154 1.
678 3099 707 3153 si
734 3101 814 3152 enim
839 3101 942 3152 civitas
961 3101 1092 3155 omnibus
1112 3101 1169 3156 suis
1188 3105 1298 3158 mendis
1318 3115 1348 3161 et
1372 3112 1433 3164 vi.

183 3173 233 3226 tiis
253 3181 413 3248 expurgata
431 3179 519 3238 esset,
540 3171 719 3226 tollerentur
737 3179 808 3224 tuuc
827 3180 854 3226 et
874 3175 970 3226 lorum
989 3183 1018 3228 et
1036 3175 1121 3240 lites;
1142 3175 1202 3230 Seli.

254 3267 280 3320 2.
320 3264 387 3330 Quis
407 3268 478 3316 enim
497 3281 548 3316 nos
567 3263 700 3326 aduocat,
725 3271 811 3338 rogat
830 3270 859 3316 ot
878 3263 1002 3330 inultat,
1033 3273 1068 3316 ut
1086 3267 1112 3320 ei
1134 3267 1322 3324 consiliosus

183 3353 294 3400 sarnus,
316 3336 343 3390 ei
360 3336 586 3406 patrocinemur,
606 3341 665 3392 nisi
681 3345 732 3392 aut
749 3354 849 3390 nocens
867 3345 916 3388 aut
933 3339 1025 3398 miser,
1044 3353 1197 3408 oppressus
1210 3289 1430 3401 iniuriauaglro·

186 3427 268 3474 suin,
291 3408 394 3465 Schola.
432 3409 590 3471 ,‚Adooeare
608 3410 730 3464 verbum
748 3408 803 3462 bac
823 3417 915 3462 aetate
934 3411 1064 3476 forense,
1084 3409 1119 3464 dc
1139 3428 1197 3480 quo
1216 3432 1243 3466 r.
1265 3413 1356 3470 Gran.
1384 3421 1430 3473 ad

183 3481 249 3536 Seu.
277 3481 312 3534 de
333 3482 419 3534 clem.
441 3486 473 3544 1,
492 3485 518 3538 9.
544 3483 637 3553 intpp.
667 3482 742 3535 Plin.
769 3499 814 3552 ep.
839 3485 874 3546 1,
895 3485 946 3544 17,
965 3484 991 3537 2.
1023 3491 1052 3536 et
1080 3482 1202 3549 Quintil.
1224 3491 1429 3556 12‚1,2s.”

182 3556 235 3608 Dr.
256 3583 291 3594 -·
313 3555 391 3620 (laod
406 3555 590 3624 municipium
610 3561 640 3608 in
659 3557 804 3609 civitatem
823 3563 948 3608 nostram
967 3559 1059 3608 uenit.-
1083 3574 1172 3622 „uam
1191 3559 1350 3630 municipia
1372 3564 1428 3617 in·

182 3635 267 3700 tegra
286 3630 317 3680 iu
337 3630 477 3679 ciuitatem
495 3627 574 3681 Rom.
593 3631 714 3687 senisse,
745 3629 763 3683 i.
784 3647 808 3683 e.
829 3627 874 3680 ius
893 3628 1022 3682 civitatis
1041 3629 1201 3699 accepisse,
1234 3631 1336 3686 Festus
1362 3635 1427 3690 do-

176 3707 245 3763 cet,
266 3706 294 3752 et
314 3699 481 3768 exemplum
499 3699 548 3752 dat
566 3699 626 3753 Cic.
645 3717 674 3772 p.
695 3701 781 3755 Corn.
802 3701 891 3754 Balbo
910 3719 935 3754 c.
955 3705 1000 3758 24.
1028 3701 1071 3756 cf.
1092 3701 1123 3756 Si
1146 3719 1191 3758 ou.
1212 3704 1248 3760 de
1267 3713 1324 3758 ant.
1346 3707 1425 3765 iure

182 3773 217 3824 lt.
231 3773 271 3855 ·2,
290 3773 337 3826 6.''
359 3773 447 3824 obal.
490 3773 575 3838 „Hoc
594 3773 713 3842 quidem
731 3791 833 3827 serum
853 3781 914 3841 cst,
930 3775 995 3839 ‚ssd
1014 3791 1074 3828 non
1093 3720 1229 3831 cobaeret
1247 3795 1314 3832 cum
1333 3798 1424 3836 nexu

182 3851 273 3898 totius
292 3845 461 3898 sententiae.
500 3846 568 3899 Non
587 3847 666 3899 enim
686 3846 722 3899 ds
740 3862 774 3900 eo
793 3862 887 3899 sermo
907 3854 957 3906 est,
979 3847 1029 3901 sed
1045 3847 1264 3918 decretoribus,
1284 3851 1321 3904 sd
1340 3869 1424 3922 quos

182 3914 355 3988 confugiunt
375 3915 452 3969 cives
472 3915 568 3982 Rom„
604 3918 781 3988 municipia,
810 3917 991 3988 provinciae.
1030 3921 1127 3994 Lege,
1161 3937 1235 3990 quae
1254 3922 1334 3994 Aper
1353 3929 1422 3982 Ma-

180 3997 266 4041 terno
287 3987 398 4040 dixerat
417 4006 440 4040 c.
460 3993 492 4056 3,
513 3990 559 4043 5.”
576 3989 695 4044 Dronle.
734 3991 811 4043 Hinc
830 3995 860 4042 in
882 3992 1039 4044 clientelam
1056 4001 1181 4046 nostram
1200 3995 1424 4053 substituerunt

181 4059 257 4113 Pith.
279 4059 383 4112 ileum.
404 4059 465 4131 Bip.
487 4061 554 4115 sch.
575 4061 611 4115 al.
642 4063 729 4132 idque
754 4062 916 4132 probarunt
943 4059 1038 4116 Schel.
1059 4073 1088 4117 et
1106 4065 1177 4118 Ern.
1217 4067 1293 4132 „Sed
1312 4089 1420 4126 sensus

182 4141 237 4186 est:
270 4131 338 4199 Quis
358 4139 457 4202 aptum
478 4134 587 4188 oratori
612 4143 817 4210 argumentum
840 4133 971 4203 putabit,
1004 4137 1083 4188 tueri
1107 4137 1301 4209 municipium
1326 4143 1417 4199 Rern.

179 4213 229 4257 sut
247 4223 262 4257 a
281 4205 379 4257 vicino
405 4207 515 4275 populo
541 4214 590 4258 sut
615 4207 769 4261 domestica
794 4206 939 4260 discordia
1002 4206 1119 4275 itatum,
1153 4210 1202 4262 vel
1225 4213 1418 4282 provinciam

179 4277 331 4346 spoliatam
352 4279 588 4348 vexatamque?'’
619 4279 702 4333 Osan.
740 4281 833 4334 immo
859 4225 1054 4354 rectiusa‘legi
1074 4285 1245 4346 clientelam,
1274 4293 1357 4356 patet
1378 4307 1417 4342 ex

178 4357 239 4404 toto
259 4350 397 4404 orationis
418 4359 555 4406 contentu
575 4358 657 4407 etex
676 4353 771 4408 verbis
790 4358 850 4427 quis
868 4370 917 4406 nos
934 4352 1053 4406 advocat
1072 4363 1101 4408 et
1126 4374 1210 4426 quam
1232 4363 1419 4428 provinciam

1293 4463 1416 4508 tuemur.
