2792 4792
521 199 662 266 CAPUT
682 203 756 270 XX.
890 259 893 274 .
1192 213 1251 278 105

37 373 80 438 tus,
116 369 225 424 Gelenb
248 367 297 420 cler
314 364 555 422 Geecbledctsrelbe
577 369 643 424 oder
663 370 759 436 Kettc)
786 369 963 441 sspputofl,
999 373 1148 443 Sippzabl‚
1177 395 1204 430 v.
1224 395 1260 432 c.-

35 463 119 498 onnes
138 442 221 510 uui,
241 457 341 494 omues
358 441 481 508 fratres,
500 441 526 494 si
543 443 645 512 plures
663 443 781 508 relicti;
800 461 867 496 nain
887 447 990 499 iustum
1008 452 1123 502 omnino
1140 459 1190 510 est,
1208 459 1250 512 ut,

32 516 746 712 temittttttttefflptt,
765 519 924 654 iiiiii
937 518 1251 662 .ἴὲἷὲἷίῗίἕὲῗὶἪῖ

32 673 52 714 et
68 661 228 718 Eicbhorn
249 659 268 713 l.
287 659 309 712 Ι.
355 659 384 728 t)
404 658 480 712 Ordo
497 667 618 728 parente
632 678 716 714 erum
734 669 777 715 ost
795 660 861 714 bic:
887 661 984 732 prime
1001 683 1035 718 ec
1052 670 1173 738 propria
1185 671 1251 738 filis·

31 745 68 786 sut
84 735 194 788 unicus
213 731 303 798 nlius,
321 730 440 793 (heredes
456 749 668 804 successumque
685 738 733 787 sur·
749 738 842 806 cuique
860 735 954 803 libert)
973 736 996 790 si
1017 737 1073 790 filii
1092 756 1151 792 non
1171 749 1248 806 sunt,

30 817 151 878 nepotes,
180 807 206 862 si
226 821 283 858 nec
300 803 351 870 hi,
376 812 568 875 pronepotes:
599 805 646 871 (Id
665 813 781 860 cnutum
800 807 885 861 etiam
904 809 970 885 lege
988 809 1149 886 Wisigoth.
1168 817 1201 880 t,
1220 817 1249 875 2,

30 883 49 934 2
81 881 185 934 salic·
211 885 310 932 sutem
331 879 386 942 62,
411 881 437 934 6.
472 875 527 930 Ubi
552 881 627 932 inter
650 888 760 948 nepotes
784 889 835 932 nul
855 891 1020 952 pronepotes
1040 893 1107 954 post
1135 888 1248 956 longum

30 961 124 1024 tempus
144 953 180 1004 de
197 951 276 1004 alode
294 958 385 1003 term
402 953 544 1004 contentio
560 955 728 1014 suscitatur,
747 971 802 1006 non
820 972 873 1022 per
889 958 1006 1024 stirpes,
1024 957 1073 1010 ced
1083 976 1137 1027 per
1154 963 1249 1026 cupita

29 1027 189 1089 lirim.)
207 1024 301 1078 alters
319 1039 410 1092 esque
428 1029 548 1093 patema
573 1022 727 1095 (prosimus
744 1026 847 1096 grudm
868 1029 899 1080 ln
914 1031 1084 1098 possessione
1102 1030 1247 1086 heredita·

30 1100 57 1150 tis
73 1107 139 1170 post
159 1097 252 1162 filios)
269 1093 382 1164 fratres
407 1111 566 1165 eorumque
591 1098 719 1152 mascula
740 1098 911 1172 progenies:
946 1101 996 1168 (Si
1021 1119 1053 1154 es
1074 1121 1129 1156 uno
1154 1113 1247 1158 tumen

25 1171 109 1237 fratre
126 1175 175 1226 sit
193 1186 267 1224 unus
278 1169 359 1237 filius
377 1175 404 1221 et
422 1187 453 1221 ec
471 1171 530 1222 ele'o
540 1168 639 1237 fratre
664 1173 709 1224 oel
728 1187 820 1224 sorore
838 1171 969 1240 forsitan
998 1176 1106 1242 plures,
1140 1195 1248 1232 omnem

30 1245 202 1298 &ruditatem
230 1237 356 1310 defuncti
378 1245 496 1312 cupiant
522 1249 551 1294 ct
572 1245 728 1314 aequaliter
747 1262 799 1314 per
821 1249 917 1316 capita
944 1247 1073 1301 ductant
1094 1255 1248 1318 portiones,

29 1318 66 1370 lex
82 1314 252 1392 Wisigotb.
271 1317 302 1382 1,
321 1317 358 1382 2,
377 1318 417 1378 8.)
441 1313 529 1368 tertis
547 1323 633 1384 etque
652 1317 729 1370 avita
743 1321 845 1386 patrur'
863 1327 892 1372 et
908 1323 1039 1374 auunculi
1056 1325 1105 1386 (cf.
1127 1331 1194 1376 notu
1206 1327 1246 1390 9.)

29 1407 85 1444 cum
105 1390 240 1444 mascula
256 1387 357 1459 prole;
396 1387 514 1441 Tacitus
541 1396 621 1441 certe
644 1387 779 1459 copulam
803 1391 901 1460 potius
921 1393 1064 1460 omisisse,
1095 1413 1181 1464 quem
1196 1415 1248 1466 po·
1352 1425 1355 1433 ·

30 1472 145 1516 cruorem
165 1461 287 1516 nomine
305 1475 405 1514 omnes
423 1467 541 1545 agnatos
560 1460 650 1536 longo
669 1461 771 1516 ordine
789 1471 950 1534 sequentes,
968 1469 1163 1520 avunculorum
1185 1484 1247 1522 om·

30 1555 70 1590 nes
86 1543 230 1614 cognatos
249 1532 500 1604 comprehendisse
519 1532 646 1586 videtur.
671 1535 766 1600 (illud
789 1538 987 1605 suspicabatur
1009 1539 1099 1604 Mejer
1116 1557 1144 1610 p.
1163 1545 1199 1598 77
1218 1549 1247 1596 et

30 1611 59 1664 el.
82 1610 141 1664 boc
169 1606 305 1662 Gebausr
330 1621 359 1676 Ρ.
378 1608 432 1662 576
445 1634 482 1644 -
498 1607 577 1671 518.)
613 1606 638 1660 Α
666 1609 754 1661 tertio
782 1608 917 1679 deinceps
936 1611 1026 1686 gradu
1047 1611 1082 1664 nd
1100 1622 1246 1682 quartum,

29 1684 177 1750 quintum,
202 1687 331 1745 sextum,
360 1678 515 1749 septimum
535 1695 616 1734 rarae
635 1681 843 1748 successiones,
881 1690 910 1735 et
927 1682 978 1736 bns
998 1699 1058 1736 non
1078 1685 1136 1736 nisi
1155 1686 1246 1740 maio·

29 1771 84 1808 rum
103 1763 132 1810 et
150 1753 272 1824 quidem
290 1750 491 1822 proximorum
511 1767 546 1804 ex
563 1759 685 1822 paterno
711 1769 821 1828 genere
844 1755 948 1821 fuisse,
981 1755 1163 1831 intelligitur
1182 1766 1245 1812 tum

29 1845 57 1878 ex
75 1845 123 1894 eo,
143 1825 226 1897 quod
245 1823 404 1878 cavendum
424 1831 504 1890 erat,
524 1841 562 1878 nc
580 1825 702 1892 fundus,
722 1825 880 1898 praecipuis
898 1835 927 1880 et
945 1829 1031 1882 unice
1049 1845 1143 1898 paene
1160 1827 1246 1886 here-

30 1899 105 1968 ditas,
135 1901 172 1954 in
196 1897 358 1968 permultos
387 1896 570 1950 divideretur
590 1906 687 1967 partes
706 1915 740 1952 ec
758 1899 824 1954 lites
842 1899 911 1954 inde
930 1900 1092 1968 orirentur,
1128 1911 1191 1955 tum
1210 1921 1246 1956 ex

30 1973 85 2044 tege
104 1973 164 2028 sal.
184 1971 230 2024 cit
249 1973 294 2026 62.
315 1977 344 2024 st
361 1968 480 2039 Ripuar.
499 1969 544 2020 tit.
564 1969 609 2026 56.
632 1969 665 2024 de
683 1971 793 2026 Aledis.
824 1971 919 2037 (Conf.
939 1972 1028 2038 Mujer
1044 1992 1074 2044 p.
1093 1977 1245 2032 92-100.

30 2049 191 2102 152-159.
212 2051 242 2098 et
259 2044 308 2098 lex
326 2040 461 2095 Rothnris
481 2041 512 2094 in
531 2041 703 2118 Georgisch.
723 2061 803 2115 corp.
823 2045 879 2099 iur.
900 2045 999 2098 Germ.
1019 2063 1048 2116 p.
1062 2049 1125 2104 967.
1148 2049 1246 2104 Omnis

28 2123 163 2186 pos-ms&
181 2135 264 2188 nsque
284 2118 315 2168 in
333 2118 482 2185 septimum
500 2118 658 2186 geniculum
676 2126 855 2178 memoretur,
883 2127 917 2170 ut
937 2135 1041 2188 parens
1063 2126 1181 2192 parenti
1194 2141 1247 2193 per

30 2193 136 2261 gradum
155 2199 184 2244 et
197 2191 372 2261 parentelam
390 2188 465 2242 beree
482 2189 622 2250 succedat,
640 2192 682 2242 sic
699 2197 806 2251 tumen,
825 2199 857 2244 ut
875 2193 937 2251 ille,
956 2195 1006 2261 qul
1021 2195 1158 2248 succedere
1175 2198 1244 2262 uult,

31 2268 189 2320 mnemon
212 2265 423 2331 uniuscuiusque
456 2263 572 2314 nomino
597 2270 747 2332 parentum
774 2281 885 2316 suorum
916 2271 1116 2320 antecessorum
1147 2267 1245 2333 dicut.)

29 2341 55 2402 5)
73 2339 162 2392 Nulla
179 2335 300 2407 proprie
325 2333 467 2388 successio
485 2333 703 2388 ascendentium
722 2342 772 2390 aut
788 2343 940 2406 parentum
960 2335 991 2390 iu
1010 2337 1082 2392 bone
1101 2339 1244 2393 filiorum:

30 2429 85 2462 nans
100 2408 310 2480 paterfamilias
329 2407 432 2462 unicus
451 2423 610 2482 agrorum,
633 2424 774 2478 pecorum
794 2417 1049 2479 annentorumque
1068 2415 1154 2481 (quse
1172 2415 1246 2468 solue

30 2491 50 2532 n
66 2487 246 2554 gratissimae
263 2498 327 2550 opes
346 2496 407 2549 cap.
427 2481 469 2542 5.)
486 2495 741 2549 possessorusque
761 2479 796 2532 ad
814 2490 938 2536 mortem
958 2491 1017 2549 est,
1046 2483 1126 2538 tilius
1145 2501 1245 2540 semin

30 2565 147 2620 tautum,
167 2572 243 2640 quse
261 2571 278 2605 n
296 2560 380 2623 petre
398 2569 458 2604 uua
475 2569 543 2604 cum
561 2553 880 2608 fratribus-hereditate
899 2563 1068 2624 acceperam
1087 2574 1174 2627 quum
1192 2573 1245 2627 po-

30 2629 163 2680 tissimum
185 2627 223 2681 ob
246 2643 361 2679 causam
389 2641 451 2678 seru
480 2627 607 2680 iuuenum
636 2625 725 2678 Venus
747 2625 835 2678 fuisse
862 2627 986 2679 videtur.
1020 2627 1077 2690 (cf.
1105 2628 1197 2692 Mejer
1214 2647 1244 2700 p.

32 2703 188 2758 128-1311.
209 2706 239 2754 et
258 2697 392 2752 Gebuuer
408 2713 437 2766 Ρ.
458 2697 536 2763 575.)
580 2701 612 2764 6)
639 2697 780 2766 Quamdiu
806 2697 959 2767 quisquam
984 2708 1115 2769 superest
1137 2718 1172 2754 ex
1198 2719 1244 2754 en-

30 2775 87 2826 dem
105 2772 277 2843 pereutels,
305 2786 365 2822 non
384 2769 441 2822 sliu
459 2769 596 2824 succedit.
617 2774 658 2836 (v.
678 2769 771 2834 ldeier
787 2787 816 2841 Ρ.
837 2773 1018 2835 seo—14⁰.)
1053 2775 1084 2835 7)
1102 2773 1169 2825 Non
1187 2773 1246 2828 eliu

31 2847 161 2900 -uccessio
180 2861 270 2916 quam
298 2841 440 2895 saturnis
468 2841 523 2895 ille
551 2843 585 2896 ab
609 2844 761 2909 intestato,
797 2859 870 2912 quse
897 2859 957 2896 non
985 2845 1190 2903 communione
1217 2855 1245 2900 et

31 2918 240 2972 somnone
270 2914 399 2985 peculii,
432 2914 523 2982 (quod
550 2917 643 2968 omnis
669 2916 876 2980 successionis,
910 2915 997 2970 etiem
1022 2916 1052 2968 in
1078 2916 1244 2986 Gennenis,

32 2991 238 3046 t'undsmentum
257 2989 345 3042 fuisse
366 2988 466 3040 Piitter
484 2995 514 3040 et
530 2988 667 3058 plerique
685 2987 748 3044 IGti
766 2991 907 3051 statuunt)
932 2989 983 3042 sed
1011 2990 1159 3064 sanguinis
1178 3007 1246 3045 con·

34 3065 148 3118 tinctor:
172 3065 283 3118 nullum
306 3067 522 3125 testamentum
555 3079 623 3114 nem
651 3061 709 3114 boc
734 3059 806 3114 iuris
832 3069 945 3114 tantum
971 3061 1067 3114 civilis
1093 3063 1245 3118 inventum

33 3143 84 3200 est,
114 3137 203 3207 piune
221 3135 355 3210 ignotum
375 3131 508 3185 omnibns
526 3131 588 3188 illis
606 3133 761 3208 gentibus,
787 3151 860 3204 quae
879 3135 943 3186 iure
963 3134 1090 3188 naturali
1109 3135 1245 3190 domesti-

36 3211 118 3276 isque
142 3207 285 3261 institutis
316 3205 404 3259 unice
439 3211 583 3292 reguntur
614 3213 644 3260 et
662 3215 797 3273 censent,
840 3206 987 3261 neminem
1021 3215 1086 3277 post
1118 3216 1244 3261 mortem

45 3299 100 3332 mm
117 3297 200 3352 posse
219 3278 345 3350 emplius
364 3277 458 3344 velle,
477 3277 597 3345 iubere,
616 3287 731 3346 vetere,
749 3279 865 3334 donare.
886 3279 943 3344 (Cf.
963 3279 1107 3333 Dithmsr.
1127 3277 1162 3332 ad
1180 3279 1208 3333 h.
1223 3281 1243 3334 l.

35 3353 104 3406 Gust.
121 3355 206 3426 Hugo
226 3353 258 3404 in
278 3367 382 3404 comm.
402 3349 437 3404 de
455 3351 647 3405 fundamento
666 3367 786 3405 success.
814 3352 846 3404 ab
869 3353 1005 3405 intestato
1025 3370 1060 3405 ex
1079 3353 1143 3405 iure
1161 3352 1242 3404 Rom.

36 3426 215 3482 Fnteit-1785
234 3428 261 3479 4.
295 3423 431 3476 Gebsuer
453 3441 483 3493 p.
503 3425 671 3481 eoo-573.
691 3431 720 3478 et
738 3423 815 3495 inpr.
848 3424 937 3488 Major
963 3441 992 3493 Ρ.
1014 3423 1190 3492 105-125.)
1209 3453 1245 3494 r-

35 3497 157 3552 Cstsrum
174 3498 280 3570 primis
299 3493 478 3564 temporibus
496 3497 528 3548 in
548 3496 723 3564 Gemnenia,
758 3505 791 3549 ut
810 3497 841 3548 in
860 3496 1038 3562 Palaestina,
1075 3496 1197 3550 Graecia
1216 3505 1244 3550 et

36 3570 123 3636 tulta,
143 3571 199 3624 soli
217 3586 328 3634 mares,
347 3569 488 3633 (sororum
500 3569 579 3638 filil,
599 3571 697 3630 liberi,
716 3569 745 3622 h.
766 3587 790 3623 e.
812 3568 884 3636 filii,
914 3576 1032 3638 nepotes
1050 3585 1083 3621 ac
1102 3585 1245 3640 pronepo-

36 3651 84 3706 tes,
101 3642 230 3710 scotres,
256 3645 370 3712 patrui,
394 3644 537 3709 auunculi)
565 3643 633 3712 quie
654 3645 874 3714 propinquorum
903 3643 1092 3703 inimicitius,
1123 3643 1245 3696 nitelam

36 3715 222 3786 ultionemque
239 3716 446 3782 suscipiebant,
474 3715 551 3784 (cap.
571 3719 606 3772 21
621 3718 680 3785 pr.)
705 3731 764 3768 non
791 3715 917 3768 mulctae
941 3721 1076 3782 tantum,
1105 3719 1180 3786 (cap.
1201 3717 1243 3770 12.

35 3791 81 3850 tt.)
96 3789 145 3842 sed
160 3787 333 3842 hereditatis
351 3803 466 3857 quoque
485 3787 640 3859 participes
665 3795 749 3842 erant
778 3795 807 3842 et
831 3785 953 3842 heredes
980 3787 1082 3840 saltem
1107 3805 1244 3862 agrorum

36 3859 152 3914 dduncti
169 3862 249 3922 (boni
266 3861 354 3920 uuiti,
381 3863 512 3922 wtattct,
541 3879 591 3915 seu
609 3869 699 3914 terrae
718 3867 746 3916 ct
764 3870 853 3913 terrae
874 3861 993 3926 salicae)
1017 3877 1175 3929 rerumque
1194 3859 1244 3913 do-

37 3935 204 3988 ·uesticerum
231 3941 262 3988 et
288 3931 560 4002 expeditionalium
591 3931 631 4001 (v.
651 3933 687 3986 nd
705 3951 765 4004 cup.
786 3937 829 3987 18.
849 3951 877 3986 n.
898 3931 955 4000 12.)
985 3932 1110 3986 feminae
1138 3939 1245 3994 autem,

44 4023 82 4058 sn
97 4007 174 4078 qood
191 4022 268 4060 uxor
285 4003 412 4060 indotata
431 4009 470 4068 (c.
488 4008 544 4070 18.)
564 4015 628 4074 aut,
660 4023 734 4076 quse
760 4005 812 4058 vul
834 4005 891 4058 nris
910 4023 926 4060 ο
948 4005 1009 4059 inio
1028 4013 1088 4072 est,
1120 4005 1245 4057 mnrium

37 4079 92 4144 icit,
124 4079 277 4151 peculium
306 4075 340 4130 ab
364 4075 496 4132 hostibus
519 4078 599 4132 tueri
623 4095 763 4154 ugrumve
787 4025 900 4144 coiere,
927 4023 1013 4148 iquos
1040 4095 1110 4131 cura
1128 4075 1244 4130 feminis

39 4153 115 4218 ptius
134 4151 267 4228 delegate
285 4169 302 4203 s
320 4149 475 4204 maioribus
495 4151 618 4216 nostris,
648 4151 787 4222 csp.15.)
815 4150 864 4205 sed
890 4152 1027 4222 quoniam
1056 4151 1245 4218 inperpetuo

39 4223 151 4280 suorum
176 4233 207 4278 et
236 4223 357 4294 quidem
375 4241 473 4288 sexus,
493 4239 553 4278 non
572 4225 670 4277 aetatis
688 4223 780 4276 tutele
799 4232 899 4291 erunt,
931 4226 978 4290 (ut
996 4221 1072 4293 apud
1089 4222 1244 4291 plerosque

39 4298 151 4365 upum
175 4315 205 4350 v.
225 4296 363 4350 Gebeuer
378 4313 409 4367 Ρ.
428 4299 507 4362 511.)
531 4298 685 4367 superstite
704 4297 831 4350 masculo
855 4297 938 4367 prole
966 4302 995 4348 et
1021 4301 1143 4363 excepto
1161 4309 1245 4418 eppe·

1 4439 2 4448 ἵ
41 4377 90 4421 ratu
106 4369 262 4436 muliebri,
282 4373 323 4436 (e.
343 4367 381 4422 ud
399 4386 459 4441 cap.
481 4373 523 4427 18.
544 4389 571 4423 n.
592 4373 619 4425 1.
638 4377 667 4425 et
685 4369 744 4438 12.)
770 4368 803 4422 ab
830 4370 912 4424 omni
930 4367 1091 4422 hereditate
1110 4366 1194 4421 exclu
1232 4391 1245 4406 ·
