2894 4802
411 314 413 328 .
521 246 822 313 55555555.
1216 259 1277 322 sss

44 416 170 484 roratur)
190 438 226 480 ·-,-
242 431 299 469 neu
317 423 444 469 mortem
462 443 497 456 -
516 415 567 469 sed
584 415 673 470 linem
693 441 729 454 -
749 413 865 467 orabant
884 419 915 480 1,
933 416 977 472 35.
1015 415 1131 472 decreta
1151 423 1278 494 pecunie

46 505 88 541 ex
126 487 240 542 aerario
273 495 362 557 utque
401 487 439 556 (et
467 488 600 540 decretum
632 497 673 541 eet
704 489 750 552 ut)
787 503 843 558 per
867 488 979 540 circum
1012 497 1065 544 551.
1098 496 1130 557 1,
1167 497 1217 562 15,
1249 499 1276 552 3.

46 559 191 614 Romanis
219 559 547 629 65555515555111551
581 559 744 614 conducere
776 561 952 628 (putatam)
992 567 1021 613 et
1050 579 1152 632 pacem
1186 577 1274 636 quem

46 632 168 686 bellum
185 632 339 703 probabam
357 637 388 696 1,
408 635 458 698 58,
477 638 502 686 1.
524 677 529 687 ,
550 631 654 686 Caesar
681 631 739 682 nisi
764 631 899 700 pontibus
921 633 1048 702 (scetis)
1066 637 1276 709 praesidiisque

47 705 201 774 ianpositis
219 707 252 770 2,
271 709 322 771 11,
341 709 368 760 1.
411 704 490 774 quod
511 705 633 758 arduum
659 704 763 772 (erat),
788 704 842 756 sibi
867 709 1015 774 (sumpsit,
1041 710 1151 779 elegit),
1181 721 1277 766 551555

45 777 162 850 legatis
180 776 314 847 permisit
331 779 365 840 2,
383 779 436 844 29,
453 780 479 831 2.
518 793 619 830 manus
638 792 671 828 ac
689 792 773 828 voces
788 775 911 830 tendens
929 781 963 844 2,
982 781 1026 833 29.
1070 787 1099 832 51
1117 791 1199 835 erant
1226 785 1277 854 qui

45 850 190 913 formam,
210 856 346 914 aetatem,
365 865 455 922 genus
473 850 575 901 mortis
595 847 752 901 Alexandri
769 847 837 900 15115
854 849 1046 919 adaequarent
1058 853 1085 918 2,
1098 857 1143 909 73.
1181 873 1277 910 amore

45 929 102 973 ant
126 922 246 996 ingenio
270 921 384 974 validus
407 923 440 988 2,
464 925 515 986 83,
542 927 567 976 1.
609 920 635 973 51
667 920 779 994 legatus
805 919 897 974 officii
922 922 1077 988 terminos,
1108 926 1278 996 obsequium

47 993 138 1046 exuit
155 999 188 1059 3,
208 997 251 1050 12.
296 993 460 1046 inturbidus
480 993 607 1047 externis
626 991 712 1045 rebus
736 1009 841 1058 annus,
867 993 946 1047 dorni
970 995 1122 1059 (turbidus)
1146 1007 1292 1069 suspecta,

47 1066 211 1120 severitate
229 1071 262 1126 3,
281 1067 334 1127 52,
352 1071 379 1120 1.
416 1067 581 1136 deportarat
600 1064 748 1134 captivos,
780 1065 895 1118 caedem
923 1065 1020 1131 ducis,
1056 1071 1182 1123 55515511
1207 1072 1278 1125 belli

47 1141 166 1190 famam
183 1141 213 1199 1,
231 1140 276 1193 26.
314 1137 389 1190 hanc
408 1137 443 1190 ad
462 1137 597 1212 coniugii
616 1153 714 1206 spem,
747 1137 925 1190 consortium
944 1139 1030 1214 regni
1051 1149 1079 1194 et
1098 1159 1197 1198 necem
1217 1162 1278 1197 ma·

47 1211 107 1261 riti
126 1211 247 1280 impulit
265 1214 300 1271 1,
319 1215 344 1266 3.
391 1211 494 1263 fossam
518 1211 699 1277 loricamque
727 1217 882 1262 contexens
900 1215 935 1271 1,
954 1215 998 1268 19.
1044 1213 1124 1267 iuxta
1152 1216 1277 1290 gratiam

46 1285 288 1351 (experiebantur)
315 1290 365 1335 aut
381 1284 470 1335 fastus
493 1282 651 1334 ianitorum
669 1280 908 1350 perpetiebantur
922 1285 950 1348 1,
962 1287 1007 1339 71.
1046 1301 1151 1338 555515
1170 1287 1278 1340 lilium.

48 1372 120 1424 que·
132 1356 231 1408 fratris
251 1363 280 1407 et
298 1361 417 1424 nepotes
435 1354 644 1424 (interfecisset)
662 1355 690 1418 6,
708 1355 752 1407 21.
790 1352 821 1404 51
839 1353 942 1406 15111115
960 1355 1041 1408 Rom.
1062 1361 1215 1422 (55551555)
1232 1365 1277 1426 11,

47 1431 86 1492 9,
111 1433 135 1480 1.
172 1427 279 1498 prioris
305 1427 402 1502 regiae
427 1427 539 1496 peritus
563 1433 592 1479 et
616 1428 749 1495 (peritus,
777 1430 946 1496 experientia
969 1429 1090 1494 51151115)
1118 1433 1277 1500 potentiam

49 1499 148 1552 cautis
168 1515 254 1568 qnam
272 1499 387 1550 acribus
406 1498 536 1551 consiliis
554 1497 643 1550 tutius
662 1496 765 1550 haberi
785 1501 838 1563 11,
858 1501 908 1564 29,
929 1503 952 1552 1.
981 1517 1027 1552 ne
1046 1501 1141 1555 socius
1159 1520 1221 1570 rex,
1241 1521 1277 1558 ne

47 1572 193 1624 Armenia
211 1578 377 1625 verteretur
391 1573 435 1636 12,
443 1572 488 1636 ts,
498 1573 524 1626 2.
564 1587 636 1638 quae
654 1567 718 1622 tilio
738 1569 806 1623 dare
825 1569 984 1641 imperium
1004 1575 1122 1643 (quibat,
1139 1579 1277 1646 poterat),

48 1645 183 1697 tolerare
200 1644 417 1713 imperitantem
437 1642 573 1712 nequibat
598 1645 648 1706 12,
672 1646 717 1698 ot.
763 1641 906 1695 ludicram
930 1661 1045 1713 quoque
1072 1647 1223 1700 licentiam
1249 1655 1278 1702 51

48 1718 183 1770 fautores
201 1715 380 1769 histrionum
400 1717 432 1768 in
450 1715 563 1786 proelia
582 1715 727 1767 convertit
747 1719 791 1780 13,
809 1714 853 1768 25.
891 1715 987 1772 deesse
1006 1719 1087 1771 nobis
1102 1725 1180 1772 terra
1201 1723 1278 1792 (pot-

49 1791 130 1853 est),
151 1788 183 1840 in
203 1805 259 1856 qua
277 1789 423 1849 vivamus,
452 1787 483 1840 in
502 1803 557 1858 qua
575 1786 752 1852 moriamur,
772 1802 831 1839 non
850 1795 946 1856 potest
965 1793 1014 1855 13,
1033 1792 1077 1848 56.
1115 1809 1169 1860 per
1187 1793 1276 1845 silen-

49 1859 131 1912 tium
143 1859 220 1913 head
231 1860 345 1913 modice
365 1859 472 1932 (graus
491 1859 564 1928 erat)
575 1896 594 1944 ⁹.
603 1859 751 1928 querendo
779 1859 1051 1946 graviorerat15‚
1072 1869 1097 1918 1.
1142 1863 1277 1934 peditum

48 1931 1278 2082 11.“’ῖς1115111111ἰ..1.“.ῑ’”.1111.)’.11111111111111111

49 2084 96 2138 ut)
118 2093 205 2130 naves
225 2105 260 2116 -
280 2076 485 2142 decurrerent3
505 2077 563 2130 iam
586 2078 741 2144 (1555515555
761 2076 862 2140 edixit)
881 2094 954 2146 aqua
967 2097 1068 2148 -qnc
1089 2083 1135 2147 (ut
1153 2085 1198 2149 eo)
1217 2081 1277 2134 lar·

47 2147 752 2290 11151131,(”’1.1111ἓί,·.·..111“1
774 2147 893 2276 qul...
909 2153 1030 2274 {iit
1049 2155 1150 2278 113·
1161 2151 1277 2278 alii?-

339 2257 349 2281 2
710 2257 716 2271 ·
758 2256 767 2285 5
860 2259 867 2273 ·
1270 2261 1277 2274 ·

49 2291 144 2343 155111
163 2291 312 2344 voluntate
330 2291 449 2345 effusius
469 2291 633 2361 (favebant,
654 2290 783 2360 savorem
800 2256 1026 2364 significabant„
1053 2297 1105 2365 qui
1123 2295 1278 2352 noluerant

49 2371 101 2414 cet.
122 2363 158 2440 H.
180 2368 214 2429 1,
235 2367 286 2428 19,
307 2369 332 2418 1.
369 2365 421 2417 5111
440 2365 601 2418 formidine
620 2373 756 2440 augentes
775 2367 911 2431 (oerum),
939 2367 1056 2435 quidam
1075 2368 1190 2422 minora
1207 2384 1278 2422 vero

49 2437 200 2502 (diceutes)
224 2435 259 2487 H.
288 2439 320 2499 1,
338 2439 392 2502 29,
411 2439 437 2492 2.
484 2436 639 2490 Tumultus
664 2439 792 2507 proximi
816 2438 932 2490 initium
959 2454 1018 2492 555
1043 2442 1204 2511 cupiditate
1228 2441 1279 2494 vel

51 2507 124 2560 odio
142 2509 306 2569 (escitotum
324 2513 377 2571 est)
396 2526 443 2558 -ε
472 2509 562 2560 nimia
579 2511 669 2578 pietas
688 2517 784 2562 vestra
803 2509 943 2562 excitavit
962 2513 997 2562 H.
1019 2517 1049 2577 1,
1068 2517 1120 2581 83,
1140 2517 1167 2568 1.
1211 2529 1278 2583 pre·

51 2579 134 2631 cibus
155 2579 212 2632 eti
234 2597 270 2634 ne
289 2580 484 2650 purovaltaria
504 2581 658 2634 adolentur
676 2581 713 2634 H.
732 2585 766 2646 2,
787 2586 819 2648 3,
839 2585 866 2637 6.
910 2600 997 2636 55155
1024 2585 1166 2654 privatim
1192 2602 1278 2656 expe·

51 2651 114 2704 dito
135 2598 277 2718 consilio,
307 2652 386 2705 15155
404 2653 512 2706 multos
530 2655 669 2708 societate
689 2654 791 2723 culpae
811 2653 902 2707 tutior
920 2655 1056 2726 (quisque)
1075 2657 1112 2710 H.
1131 2660 1163 2718 2,
1182 2659 1230 2722 52,
1250 2659 1275 2710 5.
1336 2651 1344 2658 ’

51 2723 153 2775 vultus
172 2739 287 2792 quoque
306 2741 339 2776 ac
357 2741 502 2779 sermones
522 2725 767 2796 circumspectans
787 2725 823 2780 H.
843 2729 876 2792 1,
895 2729 928 2792 8,
947 2731 973 2784 2.
1011 2737 1100 2797 utque
1120 2730 1278 2782 511151155-

52 2795 122 2847 dum
143 2795 261 2849 silentio
280 2795 424 2867 (egebant)
443 2797 478 2853 H.
497 2801 530 2861 5,
548 2801 593 2854 22.
641 2817 657 2850 5
676 2797 813 2852 Sarmatis
833 2799 976 2868 Dacisque
1001 2809 1102 2853 mutuo
1129 2811 1208 2854 metu
1227 2807 1276 2852 aut

50 2866 196 2920 montibus
216 2877 365 2937 separatur
383 2869 418 2921 G.
440 2874 464 2923 1.
487 2888 514 2923 5.
536 2875 560 2923 1.
605 2887 658 2924 555
677 2871 844 2924 terraolim
865 2872 1083 2938 (adveniebant),
1109 2873 1158 2927 sed
1176 2873 1276 2926 classi-

50 2940 102 2991 bus
122 2937 337 2992 advehebantur
356 2941 391 2994 G.
410 2945 436 2996 2.
458 2960 485 2995 5.
503 2944 529 2997 2.
589 2959 705 2996 ecorum
725 2943 864 3008 15555115,
896 2944 945 2996 sed
970 2945 1143 3014 plerumque
1170 2945 1277 3014 impro-

52 3027 120 3064 cera
140 3011 250 3077 (latet,
269 3016 385 3084 gignit,
400 3015 547 3083 producit)
566 2960 600 3068 g.
620 3017 646 3070 5.
667 3033 695 3067 5.
715 3018 742 3069 1.
781 3015 917 3086 cibosque
936 3023 966 3070 et
983 3015 1145 3070 hortamina
1165 3023 1277 3092 gestant

51 3083 87 3136 G.
108 3086 135 3139 7.
149 3101 184 3136 n.
204 3088 230 3139 9.
274 3081 331 3138 8511
355 3103 436 3140 arma
462 3105 574 3142 sumere
599 3104 656 3141 non
683 3095 750 3141 ante
776 3088 911 3158 cuiquam
930 3089 1035 3157 moris,
1071 3105 1156 3158 quam
1176 3089 1276 3141 civitas

50 3157 127 3218 (eum
146 3159 234 3210 555111
249 3161 407 3221 sumendis)
419 3159 608 3213 suffecturum
626 3159 793 3230 probaverit
811 3161 847 3214 G.
868 3163 911 3216 13.
932 3178 961 3212 5.
980 3165 1006 3219 2.
1051 3161 1145 3216 Fenus
1166 3163 1276 3236 agitare

50 3257 88 3268 -
116 3229 269 3303 ignotum,
303 3228 426 3301 ideoque
454 3233 547 3306 mag-is
571 3240 723 3298 servatur,
754 3233 796 3294 (ut
818 3234 852 3286 ab
876 3253 907 3286 eo
936 3237 1081 3290 exercendo
1105 3235 1276 3298 abstineant)

52 3317 139 3370 quam
158 3300 183 3352 si
200 3301 324 3353 vetitum
336 3301 416 3356 'esset
436 3303 471 3356 G.
483 3307 528 3359 26.
567 3303 618 3372 qui
638 3303 709 3355 olim
726 3303 794 3356 boni
814 3307 954 3374 aequique
974 3306 1113 3359 Cherusci
1133 3307 1278 3371 (occuban-

50 3375 130 3438 tur),
149 3387 227 3425 nunc
246 3373 354 3428 inertes
374 3391 406 3426 ac
425 3376 509 3427 stulti
528 3381 669 3428 vocantur
689 3375 726 3427 G.
744 3379 788 3431 36.
835 3395 889 3430 555
914 3395 993 3447 spem
1019 3379 1156 3432 15511555
1177 3387 1276 3431 votum

51 3447 244 3514 (conceperit),
276 3446 326 3499 sed
354 3446 445 3516 ipsius
469 3449 530 3500 5511
554 3446 691 3500 fiduciam
714 3463 747 3500 ac
774 3448 864 3502 robur
890 3450 1077 3519 assumpserit
1101 3451 1134 3504 A.
1154 3455 1179 3506 3.
1200 3469 1227 3503 5.
1250 3455 1274 3503 1.
1362 3498 1368 3519 x

50 3525 146 3570 artem
166 3524 195 3570 51
213 3535 296 3570 usum
317 3526 346 3571 et
364 3519 495 3574 stimulos
514 3519 649 3572 addidere
668 3520 768 3573 iuveni
789 3520 819 3573 A.
839 3524 864 3576 5.
885 3539 911 3572 n
932 3525 958 3576 1.
1003 3541 1092 3592 quum
1113 3523 1222 3576 milites
1241 3523 1276 3574 ad

50 3589 238 3642 securitatem
257 3599 287 3643 et
304 3589 400 3645 hostes
418 3591 454 3644 ad
473 3592 652 3645 occasionem
679 3601 866 3646 verterentur
893 3594 927 3647 A.
948 3597 992 3650 18.
1012 3613 1039 3646 5.
1059 3601 1085 3650 1.
1132 3596 1183 3664 qui
1203 3595 1276 3646 clas·

51 3679 129 3721 sem,
149 3661 201 3730 qni
221 3679 324 3724 55555,
343 3664 394 3731 qui
413 3681 494 3718 mare
514 3663 716 3734 exspectabant
734 3665 767 3718 A.
789 3670 830 3721 18.
851 3683 880 3718 5.
900 3669 926 3722 6.
963 3667 1059 3736 parvis
1078 3668 1207 3738 peccatis
1225 3685 1276 3720 55-

50 3735 146 3796 51515,
176 3736 289 3808 magnis
309 3735 492 3790 severitatem
512 3737 695 3790 commodare
713 3738 745 3790 A.
767 3741 809 3794 19.
830 3755 858 3790 5.
878 3741 905 3794 2.
953 3740 975 3791 51
995 3740 1090 3793 virtus
1109 3769 1145 3780 -
1162 3747 1276 3810 patere·

49 3815 100 3856 tur
118 3810 254 3870 (inventri
270 3807 446 3875 teterrinum),
465 3809 600 3863 inventus
619 3809 651 3860 15
668 3809 730 3879 ipsa
748 3809 899 3863 Britannia
918 3813 1062 3864 terminus
1080 3814 1114 3866 A.
1134 3815 1179 3866 23.
1199 3829 1225 3864 5.
1249 3817 1274 3866 1.

50 3881 154 3946 Neque
173 3881 253 3933 enim
271 3897 340 3932 arva
358 3879 440 3956 nobip
459 3889 507 3934 aut
526 3881 643 3935 metalla
662 3891 711 3934 aut
735 3890 837 3951 portus
862 3891 945 3943 sunt,
977 3884 1079 3953 quibus
1106 3883 1275 3938 exercendis

50 3967 238 4005 reservemur
255 3952 288 4005 Α.
308 3957 352 4008 31.
372 3953 406 4006 n.'
420 3956 446 4008 1.
489 3953 676 4007 senissimum
705 3955 839 4024 quodque
863 3953 971 4008 animal
994 3956 1098 4011 robore
1117 3959 1275 4021 (caeditur),

49 4023 155 4093 pavida
176 4032 206 4078 et
224 4025 330 4078 inertia
350 4026 412 4095 ipsc
431 4026 554 4102 agminis
573 4042 643 4079 sono
662 4027 817 4096 pelluntur
833 4027 865 4080 A.
886 4031 931 4083 31.
951 4046 978 4080 5.
999 4033 1025 4083 3.
1062 4029 1272 4100 Britannorum

51 4095 127 4148 55155
145 4123 184 4137 ·-
203 4097 373 4152 editioribus
392 4097 465 4151 locis
484 4098 652 4152 constiterat
670 4100 726 4164 ita,
760 4107 792 4151 ut
816 4099 945 4169 primum
966 4117 1070 4174 agmen
1088 4116 1181 4172 aequo
1201 4100 1274 4169 (con-

49 4171 189 4233 sisteret),
215 4169 306 4224 5151551
325 4187 380 4240 per
397 4171 509 4225 acclive
528 4172 626 4246 iugum
646 4173 728 4226 velut
747 4173 870 4226 connexi
891 4172 1074 4248 insurgerent
1093 4175 1127 4228 A.
1147 4175 1191 4228 35.
1229 4173 1277 4227 si-

51 4241 111 4291 cuti
129 4243 238 4297 durare
257 4271 291 4284 -··
310 4243 409 4296 videre
437 4242 579 4310 (solatium
594 4241 659 4312 sert
676 4254 702 4296 et
721 4249 777 4314 ipsi
800 4262 902 4316 quoque
928 4247 1049 4312 tulisset)
1077 4245 1110 4298 A.
1130 4249 1174 4300 11.
1221 4263 1273 4299 555

50 4314 175 4366 Maurici
195 4314 361 4384 Rusticique
382 4315 477 4382 visus,
497 4333 548 4370 nos
568 4317 715 4370 innocenti
734 4318 873 4394 sanguine
891 4315 1014 4372 Senecio
1033 4319 1163 4388 perfudit
1182 4317 1212 4371 A.
1228 4321 1270 4372 15.

53 4403 80 4438 5.
100 4389 129 4454 3;.
168 4388 219 4442 vix
238 4385 345 4448 risum,
370 4387 418 4438 rix
438 4405 567 4444 somnum
586 4395 684 4445 tenere
705 4389 735 4444 0.
754 4393 798 4448 21.
819 4409 847 4445 5.
870 4395 894 4444 1.
934 4390 978 4460 Cf.
997 4411 1084 4462 supm
1103 4391 1274 4460 Praepositio
1312 4437 1313 4440 ,
1363 4397 1365 4400 ’

895 4463 976 4538 53*
