2910 4800
1277 9 1292 41 Ι

539 201 791 268 VERBORUM.
1058 195 1066 212 ⁸
1218 205 1279 270 607

55 388 200 427 rumorem
221 372 256 426 Η.
272 376 311 438 1,,
322 373 368 426 34.
388 371 420 435 3,
439 369 484 426 40.
524 369 687 440 composuit
706 385 753 424 res
766 369 919 424 Caesarum
943 369 1089 444 Augustus
1113 369 1149 422 Η.
1176 374 1208 432 1,
1233 371 1277 426 89.

53 447 182 516 reliquos
208 446 241 498 in
262 442 544 518 nnmems'legicnis
569 443 606 494 H.
634 449 669 506 1,
692 445 736 498 87.
778 443 815 496 ad
837 441 986 496 tristitiam
1003 445 1020 498 3
1027 479 1037 506 ,
1056 447 1081 496 1.
1125 442 1162 496 ad
1179 441 1278 498 moda·

54 521 137 572 stiam
156 534 203 572 eoa
224 517 360 571 mannum
379 517 416 570 Η.
435 519 468 578 2,
486 519 530 572 27.
567 522 785 588 componuntur
811 515 889 568 nulli
914 531 1012 568 sensus
1036 513 1119 568 tarda
1142 523 1172 570 at
1190 515 1279 570 inerti

53 599 201 644 structura
221 591 252 645 0.
269 593 314 646 22
353 588 513 658 composita
532 595 608 641 aetas
626 592 661 650 6,
680 591 724 644 46.
763 587 936 658 compositus
955 587 1066 642 invadit
1084 584 1180 642 bootes
1199 588 1236 642 Η.
1252 593 1279 650 4,

52 667 95 720 35.
135 663 288 733 compositi
311 661 434 728 (hostes)
460 663 514 727 12,
539 665 583 716 40.
628 661 787 730 composita
814 661 1010 730 controversia
1029 661 1059 714 0.
1078 663 1123 718 35.
1153 677 1278 731 ,compo-

53 738 107 790 sita
133 744 267 789 actorum
292 735 377 788 libris
403 741 431 790 et
455 733 531 788 edita
549 731 622 786 haec
642 733 672 790 0.
692 737 736 788 37.
776 731 935 803 composita
953 732 989 784 ad
1009 741 1107 786 votum
1127 732 1228 786 civitas
1247 733 1278 789 0.

53 815 96 866 41.
137 809 298 878 composita
318 815 346 860 et
366 807 465 876 quieta
483 823 559 876 resp.
575 808 642 868 4,1.
663 805 744 862 036.
783 803 958 878 compositus
977 805 1049 859 bene
1069 805 1148 859 locus
1167 805 1279 860 Graeca

54 881 192 936 comitate
210 889 239 934 et
256 879 437 951 provinciali
455 877 638 949 parcimonia
656 878 690 930 A.
706 883 732 934 4.
771 877 937 932 alliciendis
955 879 1083 931 moribus
1103 879 1278 949 compositus

54 963 158 1007 natura
177 961 207 1007 et
223 961 286 1006 arte
305 953 341 1005 H.
361 956 395 1014 2,
413 955 440 1008 5.
479 951 562 1004 dolus
581 955 630 1012 11,
650 956 693 1005 1⁰.
736 967 792 1021 per
813 959 924 1007 tunnas
942 967 1028 1020 eques
1049 955 1098 1012 15,
1116 955 1161 1008 29
1200 968 1279 1006 com-

52 1026 167 1098 positus
191 1024 284 1085 hostis
307 1042 363 1096 per
387 1025 532 1100 angustias
550 1023 638 1076 saltus
656 1027 693 1088 4,
712 1027 757 1078 47.
793 1031 893 1078 orator
910 1026 943 1084 4,
961 1028 1005 1078 31.
1045 1041 1095 1078 ore
1113 1027 1146 1085 2,
1165 1029 1210 1082 34.
1248 1025 1279 1078 in

52 1097 316 1152 dissimulationem
335 1097 396 1160 sui,
415 1105 494 1150 veste
512 1096 615 1149 servili
635 1099 668 1152 13
678 1131 688 1158 ,
705 1099 751 1152 25.
794 1097 827 1148 in
844 1095 1029 1152 securitatem
1047 1101 1083 1157 3.
1102 1101 1146 1154 44.
1185 1097 1217 1150 in
1236 1115 1281 1150 ar·

53 1171 221 1247 rogantium
238 1169 271 1224 ll.
291 1172 336 1226 42.
380 1169 415 1223 ad
443 1169 618 1223 moestitiam
648 1173 701 1230 13,
718 1173 763 1226 20.
793 1169 829 1220 Η.
848 1171 884 1234 2,
904 1173 931 1226 9.
952 1169 1002 1222 .in
1020 1170 1185 1239 squalorem
1204 1188 1280 1224 mae·

53 1245 224 1314 stitiamque
248 1243 284 1295 H.
316 1247 346 1306 1,
373 1246 424 1302 54,
452 1245 477 1297 2.
505 1244 541 1308 2,
568 1246 604 1303 9,
631 1243 657 1297 2.
696 1241 872 1312 compositus
891 1242 922 1294 in
941 1241 1109 1311 obsequium
1128 1243 1162 1297 Η.
1182 1247 1217 1308 1,
1236 1247 1280 1300 82.

53 1319 91 1371 ita
111 1317 151 1369 Η.
171 1322 207 1378 3,
226 1315 270 1370 52.
310 1332 339 1369 es
359 1315 490 1368 lacrimis
508 1314 693 1384 paucioribus
711 1315 745 1370 A.
765 1317 810 1370 45.
847 1330 913 1366 cum
932 1313 1032 1368 indice
1051 1333 1117 1369 reus
1136 1320 1171 1377 4,
1189 1319 1235 1380 28,
1255 1321 1279 1370 1.

54 1393 100 1452 15,
120 1393 169 1445 51.
207 1388 365 1458 composita
390 1387 463 1442 bene
490 1404 556 1438 cum
576 1386 802 1440 artibus'mariti
821 1386 953 1453 Livias,
975 1391 1000 1440 1.
1038 1388 1132 1442 oratio
1150 1389 1186 1442 Η.
1206 1393 1233 1456 4,
1253 1393 1281 1450 4,

53 1457 76 1517 5.
116 1461 285 1536 indignatio
303 1461 338 1514 Η.
357 1463 394 1524 3,
411 1463 456 1516 37.
494 1461 691 1530 compositum
710 1466 739 1514 et
757 1459 859 1512 lictum
876 1460 908 1513 A.
929 1463 974 1514 40.
1020 1462 1214 1530 composituun
1234 1463 1280 1514 ni·

53 1537 97 1589 hil
130 1529 166 1586 in*
190 1533 411 1587 ostentationem
438 1536 475 1596 2,
505 1533 548 1588 82.
588 1532 777 1603 compositum
797 1549 902 1608 agmen
921 1531 958 1586 H.
975 1532 1008 1594 2,
1027 1537 1079 1595 80,
1099 1537 1124 1586 1.
1163 1549 1280 1605 compo·

53 1609 108 1661 sito
135 1608 221 1660 vultu
247 1611 280 1672 1,
306 1609 332 1662 7.
376 1624 411 1660 ex
438 1603 598 1674 composito
619 1606 655 1658 Η.
674 1609 706 1671 3,
725 1608 775 1666 49,
793 1609 819 1662 3.
839 1607 873 1670 4,
892 1607 936 1662 63
975 1605 1127 1675 compositi
1146 1605 1280 1673 (milites)

53 1681 116 1734 acie
138 1683 175 1740 3,
193 1681 237 1736 38.
257 1683 293 1745 4,
314 1683 359 1735 73.
396 1679 495 1732 cuneis
513 1681 550 1742 4,
571 1681 613 1734 16.
658 1677 751 1730 firmis
778 1677 925 1731 ordinibus
951 1694 1023 1748 pace
1051 1678 1140 1731 animi
1163 1681 1216 1743 14,
1235 1683 1279 1736 39.

54 1754 175 1806 ordines
194 1752 230 1804 H.
248 1756 282 1812 4,
299 1756 343 1808 33.
363 1752 397 1806 Α.
416 1755 461 1808 37.
499 1757 631 1804 auctores
655 1749 806 1804 seditionis
828 1749 915 1818 Η.4,
936 1753 978 1806 14.
1016 1767 1071 1820 pro
1089 1751 1154 1822 ripa
1173 1755 1217 1814 12,
1236 1755 1280 1810 29.

54 1825 229 1896 compositi,
262 1824 314 1894 qui
341 1840 443 1894 pacem
461 1823 540 1876 inter
558 1830 587 1876 et
605 1821 716 1876 bellum
735 1821 900 1876 dubitabant
919 1827 971 1886 12,
990 1825 1040 1886 32,
1059 1829 1085 1878 1.
1122 1825 1281 1894 composita

52 1901 244 1968 (ficta)1,7.
263 1899 297 1964 2,
317 1899 361 1952 82.
382 1899 493 1958 11,27.
514 1899 565 1956 15,
590 1898 634 1952 16.
661 1898 774 1961 16,17.
803 1896 840 1950 Η.
861 1899 893 1958 1,
912 1901 962 1957 34,
981 1900 1007 1951 4.
1027 1897 1061 1962 5,
1081 1898 1107 1952 5.
1127 1896 1160 1950 Α.
1179 1900 1224 1952 40.
1245 1898 1282 1952 ad

54 1981 158 2028 votum
184 1970 287 2022 civitas
315 1971 346 2023 0.
365 1973 410 2026 41.
447 1969 479 2020 in
498 1967 747 2044 magnificentiam
767 1967 860 2022 oratio
878 1969 913 2020 H.
933 1973 966 2029 3,
985 1973 1029 2025 37.
1067 1969 1281 2042 principatibus

53 2046 186 2098 aliorum
205 2043 240 2095 H.
258 2045 294 2106 2,
313 2043 357 2098 55.
395 2049 499 2096 cuncta
516 2057 655 2112 prospere
673 2043 711 2104 2,
728 2043 773 2097 57.
812 2041 970 2112 composita
989 2049 1064 2096 astas
1082 2046 1112 2103 6,
1130 2046 1175 2098 46.
1195 2043 1241 2106 Ι13,
1254 2047 1280 2097 1.

53 2135 98 2170 res
118 2117 157 2169 Η.
179 2119 213 2182 1,
233 2117 278 2170 21.
325 2115 538 2186 componendae
563 2114 718 2168 Anneniae
742 2118 775 2182 2,
802 2119 827 2170 4
873 2115 1032 2186 composita
1049 2115 1167 2168 turbare
1185 2117 1218 2182 2,
1236 2119 1281 2172 65.

52 2191 159 2261 priora
177 2189 211 2242 A.
232 2191 276 2244 16.
313 2187 460 2262 augendae
480 2187 616 2240 infamiae
635 2189 689 2253 15,
710 2191 754 2246 16.
792 2187 954 2258 composito
972 2187 1075 2258 plausu
1095 2191 1138 2248 16,
1156 2191 1183 2244 4.
1204 2203 1282 2242 oom-

52 2262 181 2332 positius
200 2268 304 2314 cuncta
323 2277 410 2336 agere
430 2262 478 2322 15,
497 2265 522 2317 3.

129 2334 367 2404 Compositio
384 2331 468 2388 hians
488 2333 519 2387 0.
539 2335 583 2388 21.
602 2334 647 2389 22.
667 2335 712 2390 23.
751 2334 825 2386 iuris
844 2333 875 2386 0.
897 2333 941 2389 26.

127 2408 279 2476 Compos
296 2405 401 2460 mentis
418 2412 520 2476 pectus
539 2409 587 2464 15,
606 2409 651 2460 70.

129 2477 450 2549 Comprehendere
470 2477 621 2531 scientiam
640 2478 715 2530 iuris
734 2479 764 2532 0.
784 2483 828 2534 31.

127 2551 383 2622 Comprimere
401 2549 550 2626 virginem
577 2553 613 2613 5,
639 2555 666 2607 9.
703 2551 777 2604 haec
797 2550 829 2603 Α.
848 2553 892 2606 20.
931 2551 1177 2620 hostemhsst.
1225 2569 1283 2605 ma-

7 2627 8 2636 ’
52 2644 106 2678 nus
128 2625 210 2676 intra
228 2623 325 2676 sinum
344 2627 376 2685 1,
394 2625 437 2679 57.
475 2623 583 2676 milites
602 2627 635 2686 1,
652 2626 698 2678 46.
718 2624 754 2675 Η.
773 2625 809 2689 2,
828 2626 874 2678 44.

129 2697 353 2766 computare
375 2711 434 2749 non
463 2695 577 2749 dierum
601 2713 774 2758 numerum,
807 2696 857 2749 sed
876 2696 1008 2750 noctium
1028 2696 1064 2750 G.
1083 2701 1127 2751 11.
1170 2703 1283 2766 tompus

52 2772 86 2824 H.
110 2774 150 2834 1,
169 2771 214 2824 22.
233 2771 265 2834 2,
283 2772 328 2824 47.

129 2841 293 2895 Conatus
311 2841 442 2916 ingentes
461 2841 597 2896 adversus
617 2840 803 2896 Germaniam
821 2839 855 2894 A.
876 2844 919 2897 13.

131 2913 342 2968 Concaedes
361 2919 397 2979 1,
416 2916 460 2969 50.

130 2985 345 3040 Concedere
364 2987 396 3039 in
415 2986 459 3039 ius
478 2985 603 3040 alicuius
622 2987 658 3040 Η.
677 2989 712 3051 4,
731 2989 785 3052 74,
806 2989 832 3040 1.
871 2985 903 3038 in
921 2982 1120 3043 adulationem
1139 2989 1174 3043 Η.
1193 2991 1222 3054 2,
1239 2991 1282 3046 33.

52 3075 109 3130 pro
130 3057 326 3113 concedendum
344 3077 448 3114 censere
466 3061 499 3124 4,
518 3061 562 3114 20.
600 3075 655 3129 pro
673 3062 747 3112 mori
763 3062 798 3125 4,
819 3061 863 3116 38.
884 3062 929 3122 13,
947 3063 991 3116 30.
1027 3063 1087 3114 i'ato
1105 3064 1133 3129 2,
1152 3067 1197 3119 71.
1231 3081 1285 3132 pro

53 3133 161 3188 cedere
178 3135 460 3200 2,43.74.3,43.
481 3135 592 3198 11,24.
618 3133 774 3194 Η.2,24.
813 3132 970 3194 vita1‚3.
1009 3133 1097 3186 alicui
1124 3135 1160 3188 de
1207 3136 1309 3190 loria=

54 3207 93 3257 H.
111 3210 152 3268 3,
172 3207 217 3260 64.
265 3223 349 3260 reum
372 3203 507 3276 precibus
533 3204 658 3258 alicuius
687 3209 719 3266 1,
744 3207 781 3270 7,
806 3207 833 3259 8.
860 3205 893 3264 2,
919 3207 964 3259 55.
982 3209 1017 3266 4,
1034 3211 1079 3268 31.
1100 3211 1152 3270 16,
1208 3245 1215 3262 .
1252 3209 1285 3261 in

54 3277 259 3331 adulationem
285 3279 321 3331 H.
349 3281 385 3344 2,
410 3281 456 3333 33.
499 3276 589 3329 alicui
609 3292 721 3330 summo
739 3277 857 3332 nomino
876 3279 926 3344 15,
945 3280 972 3332 2.
1009 3278 1151 3334 obsidioni
1170 3285 1219 3347 18,
1239 3285 1284 3337 40.
1301 3285 1313 3308 “

55 3350 93 3402 ad
112 3350 258 3403 victorem
277 3350 313 3402 Η.
332 3351 369 3416 2,
388 3353 432 3404 51.
468 3368 521 3419 pro
545 3349 624 3402 abire
643 3354 678 3410 3,
696 3353 741 3406 69.
760 3354 804 3404 31.
825 3353 875 3416 14,
895 3353 939 3404 10.
960 3351 995 3404 Η.
1014 3354 1047 3418 2,
1066 3355 1111 3408 33.
1131 3355 1175 3408 51.
1193 3358 1221 3417 8,
1241 3359 1284 3409 11.

55 3427 88 3486 5,
110 3427 156 3480 19.
176 3423 221 3477 23.
261 3421 337 3474 illuc
367 3439 453 3476 omne
473 3423 559 3475 decus
578 3420 651 3474 belli
671 3427 724 3489 13,
744 3426 789 3478 41.
810 3426 863 3483 14,
882 3425 926 3479 22.
947 3425 982 3476 Η.
1002 3426 1037 3485 2,
1056 3426 1100 3480 24.
1139 3429 1285 3491 retro15,

56 3499 81 3550 5.
122 3493 204 3565 quod
222 3494 274 3546 uni
293 3502 474 3550 concesserat
493 3496 542 3554 12,
560 3497 612 3559 61,
631 3499 658 3550 3.
704 3511 856 3549 concessus
882 3511 944 3548 anos
970 3499 1023 3562 12,
1043 3499 1087 3552 42.
1127 3498 1285 3554 concedere

57 3570 88 3620 in
108 3568 283 3620 sententiam
302 3572 332 3632 1,
352 3571 395 3623 79.
432 3567 463 3618 in
488 3575 584 3636 partes
610 3569 645 3619 H.
673 3570 759 3634 2,1.
806 3583 942 3622 concessa
967 3585 1090 3638 corpora
1117 3569 1284 3641 sapulmrae

58 3641 93 3692 Η.
116 3646 150 3706 1,
169 3643 214 3694 47.
253 3657 386 3694 concessa
409 3640 546 3694 materies
575 3639 611 3692 ad
629 3640 831 3694 ostentandum
852 3645 886 3707 1,
905 3644 950 3696 76.
988 3645 1154 3696 concessum
1173 3644 1210 3697 de
1228 3645 1284 3699 Ar-

57 3713 155 3766 menia
176 3714 323 3778 15,1,2.
361 3712 504 3766 concessis
532 3712 705 3766 animalibus
728 3712 846 3783 placare
876 3712 944 3767 daos
968 3714 1003 3767 G.
1020 3719 1049 3771 9.
1097 3717 1284 3772 concedendo

57 3785 205 3845 efficitur,
235 3793 267 3837 ut
284 3785 379 3838 acrius
399 3791 594 3854 exposcuntur
611 3785 741 3859 neganda
759 3785 795 3838 Η.
816 3791 912 3851 4,19.
957 3787 1172 3842 concedendum
1194 3791 1283 3856 tarde,

57 3859 278 3927 quodutraque
304 3857 404 3912 datum
422 3856 512 3910 adimi
531 3873 589 3911 non
607 3866 717 3928 potest,
736 3875 774 3912 ne
791 3859 1001 3929 pervincantur
1020 3864 1068 3927 14,
1089 3863 1131 3916 14.

132 3930 348 3984 Concentus
366 3930 487 3982 virtutis
507 3933 560 3995 13,
579 3932 623 3985 27.
663 3929 697 3983 G.
717 3935 743 3988 3.

133 4002 382 4056 Consertator
401 4000 572 4056 Corbulonis
592 4007 640 4070 14,
660 4005 704 4062 29.

131 4075 334 4129 Concessio
353 4091 492 4149 agrorum
511 4080 543 4141 3,
563 4079 607 4132 73.

131 4147 316 4202 Concessa
335 4149 460 4200 tremum
479 4149 527 4214 12,
546 4152 591 4204 44.

132 4219 347 4274 Concidere
373 4219 546 4274 auctoritate
571 4221 824 4288 alicuius16,21.
844 4228 888 4283 29.
927 4227 1056 4282 concidit
1075 4227 1184 4283 bellum
1203 4229 1238 4284 Η.
1258 4231 1286 4290 2,

57 4296 102 4346 57.
142 4291 304 4346 concidunt
322 4310 390 4363 opes
409 4295 458 4360 12,
477 4297 521 4350 13.

132 4364 397 4418 Conciliabula
418 4373 446 4419 et
466 4372 563 4420 coenas
582 4371 614 4433 3,
634 4371 677 4424 40.
