2756 4792
448 214 590 302 otior
610 235 751 302 xxxv.
1149 239 1211 302 us

20 405 45 470 ad
58 425 143 468 veros
167 402 294 467 iudices
313 413 451 468 ventum
473 416 532 478 est,
554 407 663 470 .**rem
684 407 840 494 cogitare,
863 407 946 470 nihil
967 387 1109 486 humile,
1131 407 1213 468 nibil

19 491 146 552 abiectum
167 491 277 572 eloqui
297 498 437 572 poterat.

64 632 86 680 1.
123 630 151 678 in
168 642 264 679 scenas
282 623 526 687 scholasticorum,
550 641 578 678 r.
598 624 635 678 ad
653 643 678 678 c.
699 631 743 682 10.
763 645 793 679 n.
813 631 839 684 6.
861 627 943 680 etad
962 645 987 681 c.
1009 631 1052 682 11.
1072 645 1100 679 n.
1120 631 1146 682 3.
1183 629 1213 680 in

17 697 94 752 sciolas
114 697 275 750 divinabam
294 697 380 751 olim:
412 699 462 750 sed
480 715 575 751 scenas
593 700 723 768 apposite
742 699 873 770 appellat
891 700 971 764 loca,
992 700 1024 752 in
1044 699 1149 769 quibus
1166 700 1212 750 fu-

17 779 55 822 cata
77 772 130 822 illa
156 779 185 823 et
213 779 367 840 personata
392 769 558 840 eloquentia
585 771 776 825 exercebatur
800 773 883 826 velut
907 789 962 842 per
992 773 1104 836 lusum,
1134 771 1212 842 Lips.

16 843 63 895 llam
82 844 155 895 sicut
171 844 203 894 in
222 859 309 896 scena
327 842 411 896 fictae
430 859 570 912 personae
590 850 620 895 et
638 861 698 910 res,
719 845 761 897 sie
780 845 813 898 in
831 843 939 898 scholis
956 845 1109 898 rhetorum
1128 845 1213 898 fictae

17 931 88 969 cauae
106 913 324 980 tractabantur5
351 915 421 969 Ern.
462 917 546 968 Scene
573 915 661 968 etiam
687 916 749 970 cic.
776 918 811 971 de
835 933 877 970 or.
897 921 934 984 2,
954 922 999 974 83.
1024 925 1053 972 et
1070 917 1146 969 Plin.
1168 933 1212 987 ep.

17 991 35 1050 l,
48 993 91 1053 17,
110 993 137 1044 ti.
157 988 238 1041 locus
257 987 383 1050 dicitur,
401 988 452 1040 ubi
471 989 640 1056 eloquentia
659 990 786 1050 maxime
806 990 917 1043 ostendi
930 997 1034 1060 potest.
1073 989 1213 1043 Arsidere

16 1061 104 1126 quidem
132 1061 220 1130 possit
239 1061 315 1112 coni.
336 1060 445 1130 Lipsii,
479 1061 546 1130 quia
571 1061 670 1114 eadem
695 1062 784 1115 rerba
812 1063 901 1134 paulo
926 1071 993 1133 post
1020 1070 1212 1132 repetuntur:

15 1131 43 1182 cl
56 1131 225 1200 exquisitius
245 1141 286 1185 est
305 1133 469 1208 vulgatum.
506 1151 600 1186 scenos
629 1133 693 1187 edd.
715 1133 806 1188 Ilhen.
826 1139 852 1191 2.
871 1139 897 1190 3.
919 1142 948 1188 et
966 1152 1025 1188 ree.
1062 1153 1144 1188 scena
1168 1135 1211 1188 ed.

14 1219 40 1272 pr.
52 1203 116 1258 Ber.
136 1203 226 1258 Rhea.
247 1209 272 1258 1.
303 1223 404 1259 scaena
421 1207 482 1258 Put.
502 1205 537 1258 de
557 1223 613 1274 qua
631 1208 780 1276 scriptura
797 1225 824 1259 v.
845 1208 928 1274 Osan.
948 1207 985 1260 ad
1005 1207 1091 1278 Apul.
1113 1207 1214 1260 Gram.

13 1293 30 1344 p.
42 1280 97 1332 123.
135 1278 185 1330 Est
204 1277 256 1330 Gr.
277 1275 370 1345 σκηνή.
392 1307 424 1318 -
460 1275 702 1340 scholasticarum,
727 1285 777 1350 qui
794 1281 953 1334 rhetores
970 1288 1121 1344 vocaretur,
1152 1283 1215 1333 asi

13 1351 130 1420 eloquendi
146 1349 265 1417 Quintil.
285 1355 317 1414 2,
337 1357 362 1406 1.
383 1348 494 1422 ῥήτορες
513 1371 529 1406 a
548 1353 631 1422 ῥέειν,
653 1351 760 1406 schulz.
800 1353 842 1407 01.
862 1351 898 1405 ad
917 1369 942 1405 c.
963 1357 988 1406 1.
1010 1369 1037 1406 ιι.
1060 1357 1084 1406 1.
1104 1361 1134 1406 et
1152 1369 1213 1422 cap.

13 1423 36 1472 ll.
50 1441 78 1474 n.
97 1428 124 1478 3.
147 1451 183 1464 -
215 1441 282 1493 quos
302 1427 391 1492 paulo
418 1431 483 1477 ants
509 1426 651 1478 Ciceronis
673 1433 799 1496 tempora
818 1428 955 1479 exstitisse
974 1433 1028 1478 cet.
1075 1423 1215 1478 Rhetores

12 1489 79 1544 lona
97 1494 175 1562 pulsi
193 1501 261 1546 sunt
280 1512 304 1547 a.
324 1496 359 1548 U.
381 1513 405 1546 c.
426 1499 504 1560 593,
534 1495 639 1550 Cicero
659 1505 757 1550 autem
777 1497 921 1551 natusest
940 1514 963 1549 a.
982 1497 1017 1550 U.
1038 1500 1106 1560 618,
1132 1498 1212 1550 Brut.

12 1563 54 1616 coll.
77 1565 155 1617 Gall.
174 1567 224 1631 15,
244 1571 287 1620 11.
307 1575 336 1619 et
354 1570 397 1623 28.
436 1573 590 1628 exstitisse,
610 1568 719 1634 subito,
739 1577 876 1638 tanquam
895 1575 1063 1638 portentum
1083 1567 1214 1638 aliquod,

11 1638 170 1704 apparuisse,
191 1645 270 1690 ortos
290 1655 367 1702 esse3
387 1639 491 1692 Schuls.
530 1640 574 1692 01.
594 1639 630 1693 ad
650 1657 714 1710 cap.
734 1645 778 1700 32.
799 1659 827 1694 n.
841 1643 913 1695 2.-
932 1643 966 1693 1..
980 1639 1094 1694 Licinio
1115 1641 1215 1695 Crasso

11 1709 34 1766 (r.
47 1709 84 1760 ad
103 1727 129 1761 c.
149 1711 191 1764 18.
212 1727 239 1760 ιι.
259 1713 301 1776 2.)
321 1717 351 1765 et
369 1711 420 1766 Gn.
439 1713 569 1766 Domitio
588 1712 757 1768 A'e'uobarbo
776 1715 932 1767 censoribus
951 1731 974 1765 a.
992 1713 1026 1765 U.
1042 1717 1104 1770 661.
1120 1713 1215 1767 edicto

11 1795 88 1833 eorum
113 1783 248 1835 censorio
274 1785 394 1850 cludere,
422 1784 461 1852 (u.
489 1785 525 1837 ad
552 1786 587 1838 G.
608 1789 652 1841 31.
673 1803 701 1836 ιι.
721 1789 762 1853 1.)
798 1796 831 1839 ut
855 1788 1027 1848 atterutro,
1056 1785 1105 1851 (de
1124 1801 1166 1840 or.
1187 1791 1215 1847 3,

9 1853 43 1920 11.)
61 1854 158 1906 ludicre
176 1856 361 1926 intpudentioe
379 1861 451 1911 iussi
469 1865 551 1921 sunt,
570 1865 603 1910 ut
621 1858 678 1910 iam
698 1866 763 1913 ante
784 1867 813 1912 et
831 1858 964 1914 rhetores
985 1865 1015 1910 et
1032 1857 1215 1928 philosophi,

9 1927 68 1980 ulut
94 1935 281 1996 corruptores
306 1931 479 1996 iuventutis,
510 1949 533 1983 a.
563 1931 597 1984 U.
623 1933 684 1985 592.
711 1940 825 1984 senatus
852 1932 1002 1996 consulto,
1038 1933 1074 1984 lll.
1098 1932 1216 1986 Valerio

10 1995 105 2051 llesala
125 2008 154 2052 et
173 1999 203 2052 0.
224 2000 334 2055 Fannio
352 2001 493 2056 Strabone
513 2019 584 2054 coss.
614 2021 641 2056 r.
663 2003 741 2058 Suet.
762 2005 797 2058 de
818 2003 889 2058 clar.
910 2003 983 2057 rhet.
1006 2019 1030 2055 c.
1052 2009 1077 2058 1.
1104 2003 1167 2068 (ubi
1187 2023 1214 2058 v.

10 2069 104 2124 unuh.
126 2080 155 2124 et
172 2071 282 2138 Wolf.)
302 2074 380 2128 Gell.
400 2078 450 2139 15,
472 2081 514 2130 11.
535 2073 619 2148 Pigh.
641 2094 707 2130 ann.
727 2077 763 2128 ad
782 2096 806 2130 a.
824 2079 886 2134 592.
902 2085 931 2130 et
949 2079 1011 2133 661.
1050 2077 1105 2130 tro
1118 2077 1216 2130 Crasso

9 2139 107 2198 bedd.
138 2152 193 2197 ret.
227 2145 263 2197 lli.
285 2145 385 2201 &asso
404 2157 433 2201 et
451 2147 546 2201 lllarco
568 2149 682 2212 Crasso,
709 2157 737 2202 et
755 2167 809 2219 pro
830 2167 863 2205 eo
882 2149 1032 2208 Pithoeus,
1060 2141 1132 2202 Em.
1152 2149 1215 2220 Sip.

9 2213 99 2284 allique
118 2215 293 2272 substituere
311 2220 343 2272 L.
364 2222 471 2274 Crasso.
509 2219 566 2281 „lt
593 2222 691 2275 Crasso
716 2230 759 2275 est
785 2239 870 2276 error
888 2221 973 2276 scioli
992 2221 1131 2287 alieuius,
1164 2225 1216 2292 qui

9 2283 121 2341 trusum
148 2288 302 2345 Censorem
330 2293 454 2346 eundem
476 2293 564 2346 tuisse
591 2311 625 2346 ac
653 2296 688 2348 M.
710 2294 861 2362 Crassum,
893 2294 1090 2348 Romanorum
1110 2295 1217 2348 ditissi-

9 2373 82 2426 uun,
114 2360 150 2414 de
174 2379 231 2431 quo
251 2382 275 2416 c.
294 2369 338 2420 37.
359 2366 489 2430 dicetur,
521 2365 653 2434 credidit.
695 2367 731 2418 At
749 2385 868 2434 vereor,
901 2375 935 2420 ut
953 2367 1072 2420 Tacitus
1091 2383 1217 2438 praeno·

8 2445 53 2485 usn
74 2433 238 2498 addiderit,
258 2453 348 2505 quum
370 2438 451 2491 etin
469 2439 595 2491 Domitio
614 2438 730 2492 nullum
752 2441 817 2492 sit.⁷'
837 2441 913 2494 Brot-
933 2447 962 2493 et
980 2439 1047 2493 Ern-
1094 2439 1218 2495 Delove·

8 2515 57 2557 tunt
78 2506 157 2558 illud
176 2508 280 2561 ileum.
300 2509 350 2562 Dr.
371 2511 414 2564 Os.
436 2512 483 2563 Or.
1158 2506 1161 2516 ⁴

58 2581 87 2634 2.
125 2581 295 2635 deducsmtur
313 2586 344 2634 in
363 2583 470 2636 scholas
489 2583 566 2638 MSS.
586 2585 649 2636 vit.
671 2584 714 2637 ed.
735 2584 816 2638 Brot.
828 2584 900 2637 Ern.
914 2585 951 2637 al.
977 2584 1136 2638 deducimur
1154 2586 1217 2640 edd.

2 2659 41 2702 nt.
64 2659 94 2704 et
112 2653 192 2724 Lips.
211 2683 248 2693 —
285 2657 395 2727 quibus:
422 2658 525 2710 ileum.
552 2655 619 2708 Sch.
650 2656 698 2710 (lb.
729 2665 758 2710 et
784 2657 835 2710 Dr.
865 2657 1038 2710 substituere
1063 2659 1217 2728 inquibus.

2 2715 43 2774 :iel
62 2743 91 2778 v.
113 2725 151 2779 ad
169 2743 195 2778 c.
214 2731 258 2784 32.
281 2747 308 2781 ιι.
329 2732 355 2782 t.
376 2737 405 2782 et
424 2729 460 2781 ad
478 2729 514 2780 li.
535 2733 635 2796 3,19,
654 2733 680 2785 2.
720 2729 762 2782 De
790 2729 901 2782 scholis
925 2729 990 2782 istis
1010 2730 1076 2805 lege
1095 2729 1216 2795 Quintil.

2 2793 78 2860 112,
96 2801 150 2850 Dr.
169 2829 206 2839 -
223 2819 279 2855 non
290 2801 382 2872 facile
400 2803 534 2862 dixerim,
553 2819 580 2854 r.
602 2801 637 2854 ad
655 2803 726 2876 Agr.
746 2807 772 2858 3.
793 2819 821 2856 n.
842 2805 867 2856 5.
890 2829 922 2842 -
941 2805 1014 2856 Iocus
1033 2808 1106 2872 ipse.-
1124 2803 1155 2854 in
1173 2804 1217 2857 ed.

2 2881 31 2940 pr.
52 2871 130 2924 locus
151 2877 211 2927 iste.
230 2903 267 2915 -
304 2878 352 2930 sed
368 2881 398 2930 in
416 2893 495 2946 quem
512 2893 607 2935 nemo,
638 2880 697 2926 nisi
713 2879 858 2946 imperitus
877 2893 976 2945 aeque,
1005 2880 1116 2928 intrate
1143 2875 1219 2930 itae

6 2942 70 2993 uobis
90 2943 280 3014 distinctum,
306 2967 379 3014 non,
401 2956 433 2999 ut
452 2947 561 3074 vulfio,
581 2951 742 3017 imperitus,
761 2967 842 3018 aeque
861 2955 961 3001 intrat.
996 2951 1045 3002 sed
1061 2947 1218 3002 delendum

6 3015 122 3067 censebat
142 3017 214 3072 Ern.
246 3029 272 3072 et
290 3021 369 3074 dedit
388 3021 467 3074 Seelr.

6 3079 65 3139 1115.
85 3107 98 3142 ι
117 3097 149 3142 et
166 3109 202 3144 sc.
222 3094 366 3162 scriptum
385 3093 580 3156 moisiaci,
608 3093 694 3146 modo
713 3093 746 3144 in
764 3094 813 3147 sed
828 3094 913 3159 abiit;
945 3094 1017 3147 Orci.
1055 3093 1131 3147 nihil
1151 3113 1220 3148 reue-

2 3163 98 3212 unciae
117 3171 175 3226 est,
207 3169 333 3236 inquens
354 3164 494 3240 Schursll.
515 3173 544 3218 et
562 3166 666 3219 Heum.
703 3169 762 3220 nisi
779 3185 861 3238 aeque
881 3171 1027 3238 imperitus
1052 3167 1129 3222 lllss.
1156 3169 1218 3222 vat.

2 3237 21 3279 st
36 3231 107 3286 hinc
128 3235 193 3288 edd.
213 3237 291 3291 Brot.
311 3239 383 3291 Ern.
403 3239 438 3290 al.
478 3238 535 3292 Sed
553 3238 770 3292 correctionem
790 3239 959 3292 redolet.-
977 3245 1053 3293 inter
1071 3241 1221 3294 adolescen-

2 3307 60 3360 tto·
80 3307 147 3360 edd.
167 3309 244 3378 Lips.
265 3314 295 3376 (e
315 3329 339 3365 c.
359 3311 459 3380 Farn.)
478 3319 507 3364 et
524 3327 582 3364 rec.
622 3315 652 3364 in
671 3312 741 3364 adol.
762 3311 826 3368 edd.
845 3321 903 3366 ret.
923 3317 1045 3384 —pari
1062 3317 1220 3373 securitate,

2 3379 99 3442 securi,
121 3398 160 3434 ne
180 3383 387 3453 vituperentur
405 3392 435 3436 et
454 3383 606 3438 rideantur
623 3403 639 3437 a
658 3383 856 3448 doctioribus,
876 3392 992 3454 parata,
1021 3385 1161 3454 quiequid
1180 3387 1221 3439 ei·

2 3445 138 3516 indemni,
158 3454 259 3520 laude3
279 3455 384 3509 Schola.
403 3485 440 3495 -
472 3464 498 3508 et
525 3457 621 3510 dicam
648 3465 673 3508 et
696 3459 851 3510 audiantur
877 3456 953 3510 MSS.
978 3459 1042 3512 Vat.
1070 3458 1113 3511 ed.
1140 3457 1218 3510 Brut.

3 3513 60 3574 Eun
80 3524 147 3595 Bip.
168 3527 236 3580 sch.
257 3529 294 3582 al.
331 3530 414 3582 Prius
433 3537 461 3582 et
478 3529 556 3582 abest
574 3529 608 3582 ab
630 3529 692 3582 edd.
712 3538 769 3582 ret.
790 3537 820 3582 et
839 3529 943 3582 Heum.

59 3601 86 3651 3.
127 3603 342 3655 exercitationes
361 3621 466 3672 magna
485 3621 516 3654 es
533 3611 612 3672 porte
631 3606 803 3664 contrariae,
821 3602 861 3655 ita
881 3610 1074 3671 comparatae,
1094 3610 1126 3654 ut
1143 3601 1219 3665 nihil

2 3657 55 3744 hde
73 3671 216 3724 utilitatis
235 3673 431 3728 adactionem
450 3677 606 3742 forensem,
627 3693 712 3745 quam
732 3675 870 3728 meditari
889 3675 1038 3738 debebant,
1057 3673 1221 3729 redundate

2 3747 98 3807 trasei,
125 3745 338 3819 zweciwidrig5
362 3747 465 3801 schulz.
498 3765 524 3800 v.
546 3749 581 3800 ad
601 3765 663 3818 cap.
683 3751 725 3803 39.
747 3766 774 3800 ιι.
795 3751 820 3802 1.
859 3747 923 3814 ,,01.
953 3747 1013 3802 cic.
1042 3765 1087 3818 ep.
1108 3747 1143 3801 ad
1162 3748 1220 3801 div.

2 3809 40 3874 19,
57 3821 101 3870 31.
124 3826 156 3872 et
174 3818 299 3884 Quintil.
320 3825 368 3883 10,
387 3823 420 3885 5,
442 3824 486 3875 15.
506 3821 555 3872 ubi
574 3839 601 3873 v.
621 3819 774 3873 frotschss’
797 3822 851 3874 Dr.
870 3849 907 3860 -
942 3820 1044 3892 Nempe
1069 3825 1143 3874 enim
1167 3823 1220 3874 duo

2 3897 88 3948 tmere
105 3895 489 3948 materiarum-suasoriae
508 3894 651 3947 orationes
671 3912 690 3945 s.
711 3893 849 3947 materiae
869 3901 898 3947 et
916 3901 1132 3962 controversiae,
1152 3911 1222 3964 qua-

2 3951 34 4008 les
50 3971 119 4014 sunt
141 3964 267 4018 Senecae
287 3965 399 4020 Suasor.
421 3975 449 4020 et
469 3966 605 4020 Controv.
645 3965 687 4018 01.
707 3966 743 4018 ad
762 3984 786 4018 c.
806 3970 850 4022 31.
871 3985 900 4018 n.
919 3969 945 4022 2.
990 3967 1111 4038 „Nempe
1128 3971 1221 4031 enine,¹

2 4021 43 4089 be
67 4037 235 4105 particulae
262 4039 427 4110 iunguntur
454 4038 543 4092 etiam
569 4057 584 4091 a
610 4037 730 4103 Quintil.
759 4041 795 4102 2,
821 4044 874 4102 13,
902 4043 927 4094 9.
948 4042 1027 4095 Vlll.
1046 4057 1174 4112 prooem.
1194 4041 1220 4094 o.

2 4097 64 4159 iliu,
83 4125 131 4180 ep,
153 4113 190 4176 3,
212 4115 263 4176 16,
284 4113 309 4166 8.
331 4119 360 4165 et
377 4129 445 4181 pan.
465 4113 519 4176 62,
539 4113 586 4166 2.”
603 4112 653 4162 Dru
693 4110 836 4164 Similiter
854 4117 954 4184 quippe
973 4119 1046 4167 enim
1065 4113 1141 4165 dixit
1160 4111 1220 4164 cic.

4 4173 30 4224 111
55 4183 110 4234 stt.
133 4186 168 4243 6,
186 4187 213 4240 3.
247 4189 340 4254 itaque
366 4203 433 4256 ergo
460 4183 525 4236 htv.
547 4189 577 4248 1,
596 4186 641 4238 25.
661 4187 696 4248 3,
715 4188 760 4240 31.
779 4188 815 4243 9,
834 4189 878 4239 31.
898 4189 948 4252 28,
970 4189 1012 4242 12.
1032 4189 1082 4250 39,
1101 4185 1146 4239 25.
1181 4189 1222 4236 iic

4 4249 113 4306 sithi„
136 4257 172 4322 2,
194 4261 237 4313 16.
272 4265 333 4311 tran
352 4259 414 4310 inde
433 4257 497 4309 Lis.
516 4259 569 4323 21,
589 4260 633 4313 27.
665 4265 725 4309 turn
743 4257 837 4310 deinde
857 4257 917 4310 biv.
933 4261 969 4324 2,
989 4263 1015 4314 8.
1036 4267 1064 4310 et
1083 4258 1147 4310 sim.
1176 4257 1219 4310 01.

5 4317 56 4372 lad.
75 4329 130 4381 111.
152 4349 179 4383 r.
202 4330 385 4384 pleonasmus.
404 4357 440 4370 —-·
470 4331 547 4400 apud
570 4329 696 4382 rhetoras
714 4329 775 4382 edd.
796 4347 842 4400 pr.
864 4331 926 4383 Put.
947 4331 1037 4384 llben.
1058 4337 1132 4394 tres,
1157 4329 1222 4383 Ald.

2 4389 70 4463 lips.
92 4407 116 4455 1.
138 4403 245 4458 Fraus.
266 4403 343 4456 Pith.
365 4403 415 4455 Dr.
437 4403 480 4455 Os.
501 4401 548 4456 Or.
569 4421 596 4454 α.
617 4403 736 4456 rhetores
756 4402 818 4456 edd.
838 4411 945 4472 poster.
967 4404 1045 4473 Lips.
1067 4411 1098 4455 ut
1117 4409 1145 4456 et
1164 4419 1221 4456 rec.

525 3019 561 3073 ed
585 3019 665 3073 Acii.
693 3020 802 3090 optime
829 3021 905 3076 coni.
938 3023 1064 3085 scilicet,
1090 3022 1167 3091 quod
1187 3023 1219 3074 in
