2846 4802
457 249 599 316 CAPUT
625 249 767 318 XXVII.
1165 255 1226 318 281

34 440 74 503 pe
88 419 146 486 illi.
166 417 273 482 modo
293 421 382 484 canti
402 439 441 483 ae
462 424 639 506 sapientes,
659 421 808 504 prompti
828 427 905 503 post
924 427 1079 484 eventum
1099 439 1138 484 ac
1158 441 1226 486 ma-

31 505 142 590 pioqui
172 505 285 566 erant?
332 504 544 587 Iniquissima
571 506 652 567 haec
681 504 844 566 bellorum
872 501 1018 566 conditio
1047 511 1117 566 est:
1172 526 1225 567 ro-

31 607 97 668 spera
115 605 232 650 omnes
255 589 318 650 sibi
346 587 534 669 vindicant,
568 587 709 652 adversa
734 589 794 648 uni
821 589 1039 670 imputantur.
1087 587 1132 649 At
1150 527 1226 650 hrt.

30 672 108 742 huni,
144 691 216 732 non
238 675 382 753 virtute,
417 671 474 734 sed
494 673 665 734 occasione
687 679 720 733 et
740 680 813 746 arte
834 668 928 732 ducis
949 674 1036 750 rati,
1072 673 1155 734 nihil
1185 693 1225 734 ex

28 755 184 840 angentia
206 757 398 834 remittere,
434 775 499 839 quo
521 757 631 817 minus
655 757 862 826 inventutem
884 763 1072 835 armarent,
1111 759 1226 817 conin-

27 858 61 921 gos
77 857 109 898 ac
131 839 259 901 liberos
279 841 315 900 in
337 840 408 901 loca
429 847 501 902 tuta
531 842 774 918 transferrent,
808 839 956 902 coetibus
987 857 1025 900 ac
1050 841 1224 902 sacrificiis

27 923 275 1002 emphationem
296 924 469 986 civitatum
490 924 666 986 sancirent.
708 922 818 1006 Atque
838 923 885 984 ita
905 923 1049 984 irritatis
1066 924 1225 1006 utrinque

27 1007 111 1066 annis
130 1001 326 1068 discessum

71 1145 92 1195 1.
127 1141 214 1196 cadus
235 1141 403 1210 (victoriae)
427 1148 586 1200 constantia
611 1140 742 1212 orsomo
753 1137 840 1210 seron
857 1143 990 1196 mercam
1007 1138 1224 1212 -sremciont,

27 1229 41 1260 ι.
54 1211 80 1264 sd
95 1214 127 1266 ll.
147 1217 181 1280 2,
201 1217 257 1281 22,
277 1217 302 1270 5.
320 1217 348 1282 2,
367 1219 412 1282 ct,
431 1221 457 1274 3.
479 1217 514 1272 G.
534 1221 578 1272 11.
600 1235 628 1268 ιι.
649 1220 692 1273 12
732 1219 902 1268 conscientia
920 1233 954 1268 oc
963 1211 1051 1284 soma
1070 1215 1224 1270 coniecere

26 1283 76 1336 Pich
93 1287 167 1357 lips.
190 1287 310 1353 etalii,
342 1287 431 1360 idque
456 1308 491 1344 ex
517 1289 572 1344 MS.
596 1289 659 1342 Vat.
683 1292 763 1346 3429.
790 1305 857 1341 rece
880 1303 928 1341 ere
955 1287 1007 1341 Dr.
1033 1287 1120 1341 Beck.
1139 1289 1222 1342 Heri.

26 1357 107 1412 lnrlk
140 1361 235 1415 Duris
253 1369 412 1417 constantia
429 1381 464 1416 oc
474 1359 562 1432 furna
580 1363 655 1416 coni.
674 1361 708 1416 V.
720 1363 755 1415 D.
771 1361 803 1412 in
814 1304 938 1431 Ephem.
959 1359 1004 1414 lit.
1024 1361 1084 1414 len.
1105 1380 1129 1414 a.
1142 1367 1222 1420 1809.

25 1448 48 1482 tt.
61 1433 96 1486 22
131 1433 195 1486 Alii
217 1441 297 1489 recte
315 1436 508 1492 defenderunt
525 1437 693 1522 vulgatum,
719 1434 768 1489 sed
785 1435 862 1488 male
880 1435 1065 1504 interpretati
1083 1443 1168 1500 sunt,
1192 1435 1224 1488 in

24 1501 169 1576 ltqucqne
189 1507 301 1576 Gron,
336 1512 405 1581 qui,
437 1509 516 1580 quod
534 1511 651 1582 optimis
670 1509 745 1563 viris
763 1509 879 1564 fastidio
897 1509 951 1577 sit,
981 1509 1036 1562 sihi
1056 1527 1175 1564 aureum
1192 1517 1225 1564 et

25 1596 158 1650 gemmeum
179 1599 244 1636 esse
262 1583 334 1636 dicit
353 1593 382 1638 et
400 1583 505 1652 multa,
539 1583 589 1638 sed
606 1591 725 1654 praeter
742 1600 806 1638 rem
824 1599 858 1636 ac
875 1583 1013 1650 modum,
1041 1582 1170 1653 disputat
1188 1583 1224 1638 de

25 1659 168 1718 mmuh,
187 1671 252 1709 non
269 1655 420 1724 victoriae,
439 1656 490 1712 sed
507 1655 661 1712 hominum
677 1657 850 1724 ducumque.
887 1658 1073 1720 „Gunstentia
1091 1676 1125 1710 oc
1136 1655 1224 1726 sama

25 1725 83 1778 *air
99 1725 143 1780 dui
162 1727 245 1784 huon
264 1737 293 1782 et
312 1729 351 1784 id.
373 1729 420 1800 qd.
440 1738 568 1784 constans
578 1727 666 1798 sarna
683 1730 758 1781 Ann.
778 1733 811 1792 6,
831 1734 874 1785 ³⁰.
895 1729 931 1782 ll.
953 1734 978 1795 1,
999 1733 1043 1786 06.
1065 1728 1222 1798 (continua,

25 1798 148 1865 sectabilis
167 1809 199 1854 et
217 1799 289 1854 hinc
306 1803 403 1856 ubivis
422 1804 531 1874 sparsa)
552 1803 602 1856 int.
623 1821 648 1856 c.
667 1805 712 1859 ta.
739 1809 870 1856 connum
887 1805 1011 1856 monor.''
1033 1801 1138 1856 Walch.
1178 1802 1222 1856 Gi.

23 1870 64 1922 hd
79 1871 129 1925 111.
149 1891 179 1927 v.
201 1873 402 1948 Hentliodyoin.
421 1905 458 1916 -
482 1875 557 1930 nihil
571 1880 671 1930 virtuli
687 1893 754 1928 suae
772 1880 895 1939 invium,
913 1891 942 1928 v.
962 1873 997 1928 ad
1015 1875 1050 1928 tl.
1071 1879 1108 1942 t,
1128 1877 1177 1939 81,
1197 1877 1222 1930 8.

25 1972 46 1982 -
59 1947 267 2014 purchardum.-
285 1949 317 2000 in
336 1965 361 2002 c.
380 1949 442 2002 Vnt.
463 1957 491 2003 et
504 1957 626 2022 pentir„
646 1947 723 2016 quod
741 1964 880 2018 recepere
898 1947 985 2001 Beclr.
1006 1947 1088 2001 Hert.
1108 1947 1221 2002 Peerlls.

24 2015 245 2072 inscribendum
264 2029 301 2084 et,
316 2023 517 2093 penetrandam
537 2029 610 2087 cst,
633 2019 738 2074 Wolch.
748 2047 785 2060 -
800 2023 970 2092 proeliorum
984 2021 1096 2075 etacita
1110 2020 1222 2074 emend.

24 2085 85 2140 Rhea.
120 2096 241 2146 melium
259 2093 324 2148 edd.
343 2102 410 2150 ante
428 2094 520 2148 Rhsn.
539 2097 566 2150 2
588 2121 621 2134 -
644 2091 820 2164 sumebant,
847 2111 914 2146 cum
942 2093 1062 2146 hemitn
1089 2100 1118 2148 et
1141 2110 1224 2146 mur-

25 2177 81 2213 nure
97 2111 241 2218 dicebant.
277 2167 421 2230 ,J'raemers
438 2184 539 2238 propr.
567 2165 678 2220 dicitur
706 2165 742 2221 de
768 2165 865 2235 equis,
899 2172 933 2218 ut
961 2165 995 2220 G.
1015 2169 1062 2234 9.,
1093 2163 1221 2236 metaph.

26 2231 182 2306 hanensu,
220 2237 256 2292 de
280 2239 488 2306 admiratione,
522 2239 558 2292 de
585 2237 696 2293 laetitia
724 2245 753 2293 et
779 2239 891 2310 saepius
910 2237 945 2292 do
964 2237 1172 2316 indignatione.
1193 2256 1221 2290 v.

25 2302 118 2384 fltmcg.
137 2309 174 2362 ad
194 2309 276 2366 Caes.
295 2313 322 2366 b.
344 2311 377 2366 G.
397 2314 430 2378 2,
449 2311 512 2368 w
531 2311 613 2365 Hert.
1227 2371 1230 2379 .

71 2382 94 2436 2
126 2391 211 2456 atque
230 2387 275 2438 illi
292 2385 371 2439 modo
390 2389 483 2449 couti,
502 2402 541 2438 sc.
562 2383 631 2454 qui,
650 2391 684 2438 ut
703 2401 764 2455 cap.
784 2383 820 2439 25
839 2389 912 2437 extr.
932 2381 1051 2446 dictum,
1070 2381 1225 2454 regredien-

26 2446 65 2500 (ἢ
78 2456 145 2507 aim
162 2455 329 2510 Bodotriam
348 2462 448 2530 ignavi
465 2460 552 2527 specie
568 2457 750 2528 prudentium
767 2458 987 2520 adrnonuerunts
1006 2456 1084 2508 Brot.
1105 2483 1141 2494 -
1156 2461 1225 2524 post
1287 2463 1290 2470 “

27 2529 254 2586 ammonicam
273 2530 396 2602 proelii,
422 2538 455 2583 ut
474 2548 498 2584 c.
517 2533 562 2587 22.
582 2557 627 2584 -,
644 2548 781 2602 prospera
806 2547 898 2582 omnes
925 2528 1034 2581 milites
1058 2527 1115 2582 sili
1131 2527 1225 2581 cineli-

28 2603 81 2658 ml,
104 2600 221 2656 adraso
238 2605 291 2656 uni
309 2607 505 2673 imputantur,
535 2621 575 2656 sc.
596 2601 673 2656 duci.
710 2601 860 2657 Sententia
878 2599 1047 2674 gravissima
1066 2599 1223 2668 eademque

27 2669 158 2740 ltfksima,
189 2675 240 2727 oui
258 2675 362 2729 similis
382 2683 425 2729 est
442 2677 478 2730 H.
498 2678 532 2740 4,
550 2679 602 2742 27,
621 2679 648 2732 2
668 2683 697 2730 et
716 2674 787 2730 sall.
806 2675 869 2749 lug.
890 2677 925 2729 53
945 2679 1017 2726 extr.
1058 2671 1163 2740 Quippe
1181 2689 1224 2726 ret

28 2737 130 2798 ltriarius
149 2753 196 2801 ita
213 2765 269 2802 me
287 2747 403 2802 habenti
440 2753 472 2802 in
495 2751 616 2802 uictoria
641 2751 686 2801 cel
711 2751 821 2818 ἰμαυίι
843 2748 969 2818 gloriari
986 2747 1066 2807 hcet,
1094 2744 1225 2800 advorsae

27 2829 53 2865 ru
69 2824 146 2872 ιιίωιι
170 2821 257 2874 honos
284 2822 454 2886 devertunt,
480 2823 532 2874 Dr.
570 2819 652 2874 Gonl'.
679 2819 717 2873 ad
739 2820 814 2874 Αιιιι.
840 2824 875 2882 3,
895 2820 940 2875 5³.
988 2820 1042 2871 unt
1065 2815 1129 2870 edd.
1158 2817 1222 2870 mn.

28 2883 88 2941 Rha
105 2895 131 2947 2-
150 2896 178 2949 3.
201 2901 230 2946 et
248 2909 309 2948 ree.
347 2912 411 2948 cnm
434 2893 498 2948 edd.
522 2895 585 2948 Pus.
603 2893 670 2947 Ber.
690 2891 780 2948 liban.
802 2897 828 2948 1.
855 2893 976 2946 sonasse
1001 2897 1030 2944 et
1055 2889 1132 2944 MSS.
1158 2891 1222 2942 Vat.

28 2960 78 3022 11θᾶ
92 2971 188 3019 umen
207 2982 261 3019 nec
279 2967 359 3020 Brot.
379 2984 433 3021 nec
459 2967 510 3020 Dr.
538 2965 696 3020 annotavit.
733 2967 798 3018 duci
823 2964 940 3034 scripsit
956 2962 1055 3018 Beck.
1081 2962 1150 3030 quia
1173 2960 1223 3015 hic

27 3044 65 3082 stu
79 3038 314 3128 opponendisint
332 3057 424 3126 omnes
443 3047 472 3094 et
491 3057 579 3126 unus,
612 3039 662 3092 sed
684 3041 793 3092 milites
808 3045 846 3124 .⁰.t
865 3037 930 3090 duo.
967 3035 1024 3090 Sed
1049 3035 1073 3088 si
1096 3031 1126 3087 h.
1146 3034 1224 3121 l..de

27 3099 153 3245 :tapetum
140 3111 304 3165 conditione
322 3121 422 3238 {gutm-
440 3119 469 3166 et
485 3110 556 3165 hmc
574 3129 667 3166 omnes
685 3119 751 3166 sunt
774 3111 901 3179 milites,
932 3125 1029 3163 nonne
1053 3126 1090 3160 ns
1114 3115 1224 3177 optime

79 3197 106 3233 m
170 3203 245 3238 unus
264 3202 303 3240 sc.
341 3205 399 3239 ux.

72 3255 95 3306 3.
128 3258 170 3308 Ar
186 3257 341 3321 Britanni,
368 3275 426 3312 non
449 3262 555 3312 virtute
573 3265 629 3311 cet.
668 3255 881 3326 Comparantur
898 3255 935 3309 Η.
954 3255 987 3320 2,
1007 3257 1052 3310 dl.
1071 3255 1116 3309 76.
1143 3251 1221 3306 Caes.

28 3314 44 3368 b·
57 3319 83 3374 G·
100 3330 130 3393 l,
147 3333 195 3385 40.
215 3333 249 3394 7,
267 3333 312 3388 20.
342 3351 399 3386 non
416 3333 538 3394 virtute,
563 3331 612 3384 ssd
627 3333 786 3390 occasione,
810 3332 1005 3398 (superventu
1023 3325 1116 3380 subito
1135 3323 1224 3398 Agri·

29 3391 101 3462 ⁰⁰l³²i
117 3400 196 3472 laipn-
215 3404 253 3456 οἳ.
274 3403 310 3457 ad
328 3403 365 3457 G.
383 3407 428 3460 30.
448 3421 476 3457 ιι.
496 3407 537 3474 7.)
569 3411 598 3457 et
622 3409 685 3455 arte
707 3401 785 3455 ducis
803 3404 879 3454 rati.-
905 3401 947 3452 ita
966 3399 998 3452 in
1016 3397 1081 3452 edd.
1101 3403 1158 3450 vet.
1179 3396 1222 3449 le·

28 3475 109 3534 guntur
123 3471 197 3528 haec
215 3476 304 3529 verba
323 3483 463 3546 corrupta
481 3483 511 3530 et
538 3473 619 3530 varie
644 3473 802 3529 emendata.
840 3481 902 3526 arte
925 3473 1006 3524 ducis
1030 3487 1067 3524 se.
1095 3471 1221 3532 iactum,

30 3535 115 3619 &ilina
139 3547 213 3600 obss.
242 3547 273 3600 in
298 3547 364 3602 Tac.
390 3549 461 3625 Agr.
480 3567 509 3620 p.
529 3553 573 3606 16.
602 3565 629 3600 v.
648 3546 686 3600 ad
703 3547 775 3622 Agr.
794 3550 838 3602 19.
857 3565 886 3599 n.
905 3549 933 3602 2.
971 3549 1033 3597 urta
1060 3543 1136 3594 decis
1162 3542 1223 3592 rati

28 3609 70 3662 ⁵01·
84 3633 109 3669 se
125 3619 218 3673 victos
236 3634 310 3686 esse3
329 3621 405 3674 Hert.
443 3630 505 3674 orta
522 3623 647 3690 superati
665 3620 741 3672 coni.
762 3619 875 3672 Peerlk.
909 3625 970 3670 crte
993 3616 1070 3668 ducis
1093 3617 1224 3684 superati

28 3677 92 3737 ΒΜ
109 3698 135 3744 et
153 3691 241 3746 Beck.
274 3701 335 3746 arte
359 3695 437 3748 ducis
462 3698 548 3748 uictos
573 3697 633 3746 rati
657 3699 687 3749 et
709 3711 766 3746 non
785 3699 817 3743 ut
834 3695 951 3754 uirtute,
983 3689 1032 3742 sed
1047 3705 1085 3742 oc.
1104 3695 1133 3740 et
1150 3705 1175 3740 a.
1195 3685 1221 3738 d.

30 3765 121 3820 ’Ψῒαΐί
134 3764 214 3834 Lips.
234 3765 302 3835 quia
319 3784 403 3836 super
421 3765 594 3837 compendio
613 3781 697 3834 saepe
715 3763 858 3834 scriptum
883 3770 912 3816 et
934 3761 1023 3814 unica
1040 3761 1128 3814 litera
1144 3778 1158 3815 a
1176 3777 1223 3812 su·

30 3833 141 3954 Ἐθεὶῐι
158 3845 236 3962 ppta.
256 3857 363 3964 aspergis
381 3859 419 3894 un
433 3837 853 3978 ἔτιὸιέἰφὶνῗίῌῑίιὲιιιιᾷθῖήι
867 3831 1223 3960 pp'ctopupgtil’pphhhurte

94 3914 678 3966 revicerirot.ea.c..
792 3926 910 3962 ‚oe
1038 3921 1221 3958 trien.

32 3981 72 4024 ue
84 3997 136 4035 uo,
155 3981 327 4050 (nominos)
343 3987 404 4038 ..ιε
420 3983 485 4056 sip.
504 3985 581 4059 nug.
601 3981 698 4034 mem
717 3947 809 4034 iem.
829 3979 901 4032 nan.
922 3981 973 4044 (er.
994 3978 1097 4034 venei.
1117 3979 1145 4044 2,
1163 3975 1221 4045 ιι.)

32 4053 71 4097 ote
91 4053 163 4109 ducis
190 4074 254 4110 usos
278 4060 339 4110 rati
357 4057 452 4112 Oberl.
490 4064 552 4110 urta
570 4057 668 4110 vicisse
688 4052 858 4118 (Romanos)
878 4055 937 4104 ruti
954 4052 1026 4105 Ern.
1064 4069 1121 4104 non
1138 4053 1223 4104 uirtu-

33 4121 78 4180 iffl,
101 4127 332 4182 adscensionem
359 4137 386 4182 et
412 4137 500 4182 artem
519 4129 597 4181 discis
615 4129 677 4180 rati
693 4125 756 4178 scil.
775 4125 930 4178 victoriam
948 4125 1031 4178 illam
1051 4140 1129 4188 esse,
1155 4121 1174 4174 i.
1196 4137 1220 4174 e.

34 4189 137 4253 lictoriae
155 4217 286 4268 causan,
316 4200 449 4255 Freinsh.
470 4203 556 4256 Gesn.
576 4200 668 4254 Boett.
697 4205 727 4251 et
752 4197 783 4250 O.
803 4197 917 4252 Nandet
934 4197 1003 4251 coll.
1023 4196 1099 4249 Ann.
1118 4197 1155 4260 2,
1175 4197 1221 4248 11.

33 4264 86 4324 i,1,
102 4280 125 4322 at
141 4275 187 4328 20.
225 4281 286 4326 arte
303 4273 380 4328 ducis
392 4271 469 4342 freti
486 4271 647 4328 Schneider
665 4271 737 4324 obss.
757 4269 788 4322 in
806 4269 874 4323 Tac.
895 4278 923 4324 et
941 4268 1012 4324 Sall.
1031 4287 1059 4339 p.
1081 4270 1124 4322 11.
1143 4265 1174 4320 h.
1196 4283 1220 4320 e.

35 4349 72 4388 r¹⁰¹²
85 4342 192 4413 virtuti,
229 4345 280 4399 sed
309 4345 454 4400 occisioni
480 4345 576 4418 potius
604 4351 634 4398 et
651 4343 681 4396 in
704 4342 769 4396 anio
788 4341 869 4396 ducis
888 4341 1003 4410 confisi,
1034 4357 1125 4410 quum
1144 4339 1221 4392 vires

35 4402 194 4472 amomorum
213 4419 330 4492 experti
348 4425 450 4474 essent.
474 4425 550 4474 ¹orte
576 4419 651 4472 ducis
661 4361 758 4488 sinoti
774 4414 855 4470 Acid.
893 4434 948 4470 non
974 4411 1088 4483 (modo)
1111 4415 1221 4473 virtute,
