2846 4802
174 243 237 308 ³32
445 240 696 309 AGRIGOLAE
718 243 839 310 VITA.
892 243 983 310 CAP.
1007 243 1130 309 XLVI.

173 408 215 462 aie
233 407 409 484 corrigenda
427 424 487 463 esee
504 409 577 466 haec
597 411 686 466 verba
701 411 859 466 alibrariis
871 417 1018 482 compta,
1038 411 1149 482 optime
1168 409 1269 465 doc'nit
1279 413 1404 470 Walch.

173 479 217 534 of.
237 480 273 534 ad
290 480 365 534 Anu.
384 485 426 561 3,Ι
438 485 485 538 62.
511 492 541 537 et
559 483 595 536 H.
615 487 653 548 4,
673 488 726 548 32,
745 489 771 540 b.
803 486 912 540 Aonia
938 491 965 536 te
980 490 1075 556 potius
1094 487 1290 554 temporalibus
1312 489 1407 540 laudi-

173 555 237 606 buas
271 561 299 605 et
322 559 349 608 si
371 561 431 606 not.
456 573 536 628 supp.
560 559 683 610 militum
705 557 861 612 decoramus
888 555 964 610 MSS.
992 559 1054 610 vit.
1081 565 1110 610 et
1129 557 1192 611 edd.
1213 559 1317 612 omnes
1338 569 1406 612 ante

171 626 246 680 Ero.
273 625 333 680 nisi
360 625 439 695 quod
462 635 487 680 et
512 630 918 699 temporalibus-leceramus
945 629 989 682 ed.
1010 629 1073 682 iiiv.
1099 633 1218 684 multum
1242 632 1405 686 decoramus

171 699 234 752 Vat.
254 701 334 755 4498.
353 699 433 752 Adeo·
448 706 546 769 potius
564 721 648 788 quam
666 707 850 758 aemulatione
873 703 1027 756 decoremus
1054 719 1079 754 c.
1099 704 1166 758 Urs.
1195 711 1228 756 ut
1250 706 1354 758 admir.
1370 733 1405 744 -

170 773 307 856 temulum
324 772 476 826 decoremus
495 789 519 826 c.
540 773 664 828 Mirand.
701 775 779 828 Hinc
803 775 857 828 alii
887 775 943 828 alia
967 781 1118 826 tentarunt
1143 793 1245 845 parum
1264 778 1404 846 probabi-

171 844 219 898 lu.
256 843 404 897 Nonnulli
423 845 571 900 retinuere
589 849 787 916 temporalibus
805 848 945 910 leudibus,
965 849 1017 913 (ec.
1036 847 1068 898 in
1082 845 1137 900 hac
1151 848 1308 922 Agricolae
1330 850 1403 917 vita)

170 916 222 970 alii
247 915 424 1002 substituere
451 937 535 990 quam
559 921 757 989 temporalibus
776 923 811 983 1.,
839 919 870 974 h.
890 937 915 974 e.
941 919 1076 972 brevibus
1103 918 1259 972 verborum
1286 927 1317 973 et
1345 921 1403 971 cito

170 996 353 1052 transituris,
387 996 431 1078 ut·
446 988 540 1054 πάθος
560 995 713 1062 temporale
732 992 810 1045 dixit
829 989 950 1056 Quintil.
972 992 1003 1054 6,
1025 991 1123 1054 2,1o.
1156 995 1185 1040 et
1210 1005 1303 1052 omne,
1332 993 1406 1062 quod

169 1063 444 1204 mitigit:
457 1063 621 1187 titiis,
639 1060 1043 1203 ,iiti‘tztttiititi;
1059 1075 1119 1184 lt
1137 1062 1402 1196 313311...ἓῖ

172 1203 277 1259 Wolcb.
314 1205 519 1258 Praetermitto
539 1206 605 1258 elia.
643 1207 748 1278 Neque
774 1214 872 1258 umen
898 1203 1047 1269 diffiteor,
1076 1203 1243 1258 alibrariis
1263 1207 1316 1259 vix
1334 1223 1401 1276 per·

169 1276 278 1331 mutari
295 1275 424 1347 potuisse
442 1279 648 1332 immortalibus
667 1285 696 1331 et
713 1277 919 1348 temporalibus.

240 1355 266 1408 3.
304 1348 339 1402 lcl
349 1349 431 1419 filiae
448 1368 552 1422 quoque
570 1350 631 1404 eius
648 1355 779 1422 merique
796 1367 884 1404 meae.
924 1348 966 1402 of.
986 1347 1024 1400 ad
1041 1364 1066 1401 c.
1087 1350 1130 1422 11.
1151 1353 1275 1404 ιι.1.-
1299 1356 1401 1422 siopo-

169 1431 237 1488 tris,
267 1427 309 1477 sic
332 1425 432 1475 mariti
448 1425 609 1476 memoriam
628 1431 683 1477 cet.
704 1425 741 1477 cf.
761 1421 835 1476 Ann.
857 1427 892 1486 1,
910 1425 955 1478 71.
968 1449 1005 1460 -
1029 1419 1194 1492 famamque
1218 1440 1252 1474 ac
1269 1421 1399 1496 figuram

167 1500 298 1552 mimt—
307 1495 526 1566 complectantur
546 1503 652 1550 mente.
689 1494 815 1563 „Animo
835 1495 942 1562 etiem,
961 1501 994 1545 ut
1013 1493 1149 1563 corpori,
1176 1491 1272 1568 figure
1290 1504 1321 1550 et
1340 1497 1398 1549 ior-

168 1589 215 1624 me
233 1570 281 1636 (nt
299 1568 330 1622 0.
351 1567 389 1636 1.)
408 1567 568 1633 tribuitur3
605 1575 634 1622 et
652 1567 768 1638 samum
786 1587 820 1621 oc
832 1569 884 1639 fig.
904 1585 950 1620 on.
969 1581 1024 1636 pro
1038 1565 1154 1635 somam
1165 1567 1279 1636 figurae
1296 1573 1397 1629 animi,

167 1651 201 1696 ut
219 1659 244 1696 c.
265 1643 308 1696 16.
336 1644 382 1693 ira
400 1649 429 1693 et
445 1645 565 1694 victoria
582 1657 638 1710 pro
657 1646 704 1695 ira
721 1645 850 1703 victorie,
878 1657 903 1692 c.
923 1643 968 1696 33.
995 1645 1062 1690 vota
1088 1643 1228 1710 virtusque
1250 1655 1308 1710 pro
1333 1651 1397 1695 ecta

167 1719 293 1776 virtute,
313 1712 391 1767 caes.
412 1712 439 1766 b.
459 1712 494 1766 G.
514 1717 548 1780 1,
568 1717 612 1770 16.
641 1719 769 1785 opinione
787 1723 815 1769 et
832 1717 980 1774 amicitia,
1000 1710 1061 1764 Cic.
1082 1711 1114 1764 in
1132 1712 1215 1766 Verr.
1236 1717 1269 1778 1,
1288 1718 1316 1770 9.
1346 1722 1398 1768 eri-

168 1794 246 1844 men
261 1803 443 1857 conatuque,
469 1787 540 1840 Plat.
559 1787 635 1856 apol.
654 1804 684 1857 p.
703 1790 748 1844 38.
768 1803 793 1840 c.
818 1784 906 1856 ὄνομα
923 1790 970 1840 uui
988 1787 1092 1846 αἰτίαν,
1115 1783 1147 1836 in
1166 1783 1271 1840 Phaet.
1291 1804 1321 1857 p.
1336 1793 1394 1844 101.

169 1879 194 1919 c.
214 1861 284 1928 uteie
297 1859 490 1960 'eeicnuuebeloc
513 1879 540 1914 ae
567 1865 614 1914 uel
631 1861 750 1931 τροφῆς,
784 1860 817 1912 in
840 1861 951 1912 Menex.
975 1873 1004 1926 p.
1023 1858 1087 1912 234.
1115 1874 1139 1908 a.
1165 1856 1331 1946 embnioeng
1354 1871 1398 1916 aei

168 1929 1396 2086 attentent,*tet”eieittttez{efferate

169 2081 203 2134 ab
222 2078 306 2133 Acii.
326 2075 405 2130 oros.
425 2077 497 2129 Ern.
517 2082 693 2146 receptaque
712 2096 729 2131 a
746 2077 809 2150 Bip.
829 2075 941 2130 Dronk.
964 2082 993 2129 et
1011 2075 1078 2128 aliie
1097 2083 1221 2146 propter
1238 2095 1320 2148 seqq.

238 2157 265 2208 1.
302 2169 357 2204 nore
375 2153 441 2222 quia
459 2149 674 2204 intercedendum
690 2157 786 2221 putem
804 2149 989 2220 imaginibus,
1018 2146 1260 2217 improbandum,
1291 2160 1326 2203 nt
1347 2167 1395 2220 po-

168 2233 294 2288 nantnrs
323 2223 392 2278 Em.
429 2221 642 2278 interdicendum
670 2223 746 2276 coni.
785 2223 910 2278 Ursinus
931 2229 961 2276 et
985 2219 1199 2274 iatam'dendm
1222 2223 1304 2276 Acii.
1342 2223 1394 2276 Sed

167 2305 289 2354 venuste
307 2303 351 2350 eet
368 2293 555 2365 metaphora,
574 2295 609 2348 eb
629 2294 841 2350 intercessione
859 2295 1046 2348 tribunorum
1064 2292 1105 2362 pl.
1125 2294 1225 2363 petita.
1242 2325 1278 2338 --
1297 2303 1394 2368 imagi-

168 2373 267 2435 nibus,
294 2385 362 2440 quae
386 2385 524 2424 marmore
547 2376 598 2422 aret
619 2385 681 2432 uere
696 2369 849 2439 surguntne
866 2375 916 2421 eut
932 2383 1017 2436 cerm
1045 2365 1136 2420 Barcl.
1166 2367 1235 2420 coli.
1255 2370 1331 2423 Ptin.
1350 2373 1393 2434 35,

166 2447 194 2501 2
208 2471 245 2486 -
267 2442 369 2514 forma
395 2447 494 2498 mostis
522 2449 551 2496 et
575 2441 665 2496 eimul
689 2443 782 2496 menti
801 2441 952 2512 impressa.
968 2467 1004 2480 -·
1031 2457 1084 2510 per
1101 2441 1222 2496 alimum
1239 2448 1393 2504 materiem,

168 2517 257 2572 aliam
276 2524 306 2571 et
325 2515 486 2580 diversam,
506 2530 567 2568 non
587 2514 711 2584 mentis,
733 2513 783 2568 aed
801 2530 968 2586 corporum.

238 2591 264 2645 ⁵.
302 2595 394 2643 moreet
411 2607 491 2641 mans
590 2605 621 2640 ue
640 2593 729 2640 estin
747 2591 849 2641 areimis
868 2585 893 2640 b.
914 2594 947 2638 ut
966 2585 997 2638 0.
1017 2589 1044 2642 9.
1082 2581 1250 2652 „Sollennis
1275 2595 1318 2640 est
1336 2589 1391 2640 lor-

167 2663 247 2718 mula
265 2660 357 2728 haec,
391 2661 426 2715 de
446 2679 501 2732 qua
527 2677 555 2713 v.
599 2657 691 2713 uhnk.
712 2659 747 2712 ed
765 2659 871 2713 Vellei.
890 2660 927 2723 2,
946 2661 996 2722 66,
1016 2661 1062 2713 6.”
1084 2659 1206 2712 Droube.
1244 2659 1289 2713 cf.
1309 2661 1390 2714 etiam

166 2735 259 2790 Bentl.
280 2735 317 2788 ab
334 2735 404 2788 Hor.
425 2733 470 2788 od.
490 2737 522 2796 2,
542 2735 579 2797 2,
594 2735 620 2788 7.
646 2741 675 2786 et
693 2731 782 2786 Drak.
802 2732 838 2785 ad
856 2731 919 2784 hir.
938 2735 990 2796 39,
1009 2735 1063 2796 4⁰3
1082 2731 1158 2784 Hert.
1184 2726 1190 2740 '

238 2812 264 2864 6.
303 2807 377 2862 Nem
395 2811 494 2862 multos
511 2814 630 2860 aeterum
650 2813 705 2859 cet.
740 2807 777 2858 cf.
805 2803 956 2858 Theocrit.
983 2807 1034 2866 16,
1052 2808 1140 2874 bosq.
1159 2807 1250 2874 ttsq.
1275 2813 1307 2858 et
1324 2805 1389 2857 Hor.

168 2883 213 2938 od.
233 2885 267 2946 1,
286 2885 319 2946 9,
338 2883 428 2948 25⁸q.
466 2877 559 2940 „Nam
576 2879 755 2941 ittemeebe,
783 2877 869 2945 misle
890 2877 922 2930 in
943 2884 1041 2930 nostin
1060 2877 1162 2952 lingna
1181 2893 1240 2930 non
1267 2877 1389 2947 exprimi

166 2962 262 3028 potest
281 2961 310 3008 et
329 2952 420 3008 reddi.
458 2971 485 3005 v.
507 2949 637 3005 Oudend.
665 2951 701 3003 ad
725 2949 802 3004 Suet.
827 2949 905 3003 Gaea.
919 2953 956 3003 11
967 2967 1013 3020 pr.
1044 2957 1090 3013 et,
1123 2949 1173 3018 qni
1194 2949 1317 3002 meliore
1335 2949 1387 3006 dat,

167 3028 278 3088 Heuein
301 3065 308 3080 .
328 3026 364 3079 ei
383 3024 444 3078 Cic.
464 3023 513 3077 off.
534 3027 570 3090 ³,
593 3025 728 3089 21‚1³.”
750 3021 856 3076 Wolcb.
895 3021 938 3074 Gi.
957 3021 994 3074 ad
1012 3021 1087 3074 Ann.
1108 3026 1157 3084 11,
1175 3025 1219 3078 ii.
1246 3031 1276 3075 et
1297 3023 1329 3076 G.
1347 3025 1385 3075 11.

167 3119 195 3154 n.
211 3105 238 3157 7.
304 3117 351 3154 am
369 3098 455 3152 etiam
475 3095 652 3150 affirmative
670 3095 765 3165 accipi
784 3095 883 3166 possit.
903 3111 930 3147 v.
951 3095 986 3146 ab
1005 3095 1080 3149 Anxa
1100 3099 1132 3160 2,
1150 3097 1204 3162 63,
1222 3100 1291 3149 1,-
1304 3115 1389 3164 euper-

166 3181 222 3228 stes
245 3179 298 3226 erit
313 3187 369 3243 per
392 3187 455 3224 me:
483 3185 550 3222 nam
576 3183 636 3222 non
655 3186 728 3222 vane
747 3167 803 3221 hoc
821 3168 857 3222 de
875 3167 1054 3238 scriptorum
1073 3183 1191 3221 enorum
1212 3169 1389 3238 perennitate

166 3246 337 3318 praedicam
359 3244 434 3298 Viri.
472 3243 567 3295 Immo
585 3257 641 3312 per
662 3242 752 3296 alios:
772 3259 839 3295 nam
859 3241 980 3311 propria
1000 3241 1063 3293 leus
1080 3239 1186 3294 sordet.
1262 3307 1265 3312 Ι
