2756 4792
168 221 229 284 280
595 207 846 276 nofflconnn
868 207 991 274 VITA.

169 387 317 456 superante
335 399 464 444 numero,
483 397 510 432 v.
529 377 567 432 ad
583 377 619 467 Η.
639 379 674 443 1,
692 377 746 468 Ι51,
764 379 790 434 4.
809 404 846 462 ⁸.-
869 375 1136 465 peritissimorum,
1153 371 1188 466 pb
1205 369 1319 426 hostibus
1333 371 1363 462 lp

170 473 275 590 ppurptrp
284 451 795 589 {affinium-{tummim
813 467 844 502 ιιι
863 447 928 504 edd.
948 447 1028 518 inps.
1047 453 1265 500 memorentur.
1281 473 1312 486 -
1336 463 1363 496 n-

613 702 807 758 GAPU'l'
848 703 950 762 XXVI.

256 818 354 904 Quod
374 819 433 882 ubi
454 818 623 904 mgnitum
643 815 749 894 hosti,
770 822 896 877 mutato
918 823 1055 899 repente
1076 816 1224 894 coneilio,
1247 811 1363 876 universi

172 925 292 968 nonam
313 904 491 990 legionem,
531 907 570 962 ut
589 899 730 960 maxime
750 897 952 979 invalidam,
989 907 1085 961 nocte
1112 899 1273 986 aggressi,
1302 898 1363 972 inter

171 1007 324 1052 somnum
345 1005 384 1048 ac
404 981 659 1068 trepidationem
679 983 782 1044 caesis
801 983 970 1082 vigilibus,
992 984 1160 1066 irrupere.
1206 977 1363 1063 lamqueid

170 1073 252 1156 ipsis
274 1073 391 1134 cmtris
412 1067 620 1154 pugnabant,
650 1084 753 1148 quum
773 1065 946 1152 Agrrcola,
973 1069 1039 1128 iter
1060 1066 1205 1128 hostium
1225 1065 1265 1126 ab
1285 1063 1363 1146 explo-

169 1153 339 1218 ratoribus
361 1151 497 1216 edoctus
526 1159 560 1214 et
590 1149 739 1235 vestigiis
767 1150 956 1231 insecutus,
991 1150 1216 1214 velocissimos
1247 1149 1363 1232 equitum

170 1237 386 1322 peditumque
407 1235 569 1298 assultare
589 1233 691 1319 tergis
713 1235 932 1320 pugnantium
953 1234 1065 1316 iubet,
1101 1253 1178 1296 mox
1199 1231 1242 1296 ab
1261 1233 1363 1294 unirer]

169 1326 216 1387 eis
237 1321 339 1386 adiici
360 1325 552 1385 clamorem:
576 1326 609 1380 et
632 1319 822 1403 propinqua
841 1320 915 1382 luce
935 1321 1060 1382 fulsere
1080 1320 1184 1407 signu.
1238 1316 1286 1378 Ita
1303 1315 1363 1380 enci

169 1411 234 1494 piti
255 1409 340 1471 malo
368 1407 481 1470 territi
505 1405 676 1481 Britanni3
713 1411 747 1466 et
766 1403 921 1467 Romanis
940 1401 1031 1468 redit
1050 1406 1198 1476 animus,
1227 1421 1267 1464 ac
1286 1405 1363 1478 secur,

161 1511 233 1577 pro
254 1494 359 1556 salute
380 1490 421 1554 de
441 1491 547 1592 gloria
568 1488 747 1552 certabant.
786 1486 895 1551 *Ultro
927 1489 1009 1572 quin
1037 1490 1137 1551 etiam
1157 1491 1325 1572 irrupere:
1349 1485 1363 1580 d

169 1577 235 1640 fuit
259 1587 355 1639 atrox
381 1578 417 1638 in
445 1577 528 1660 rpeis
556 1581 731 1656 portarum
759 1575 921 1658 angustiis
952 1572 1139 1658 proelium,
1176 1570 1281 1634 donec
1305 1569 1363 1652 pub

168 1661 299 1742 hostes,
333 1665 477 1742 utroque
498 1659 647 1722 exercitu
668 1663 833 1736 certante,
865 1658 939 1738 hie,
976 1665 1015 1720 ut
1035 1657 1151 1720 tulisse
1170 1675 1268 1740 opem
1275 1701 1286 1735 ,
1313 1652 1363 1716 illii

169 1763 212 1806 ne
233 1746 363 1830 eguisse
384 1743 507 1806 auxilio
529 1735 738 1806 viderentur.
782 1739 880 1820 Quod
907 1741 973 1803 nisi
1004 1737 1140 1824 paludes
1169 1749 1202 1803 et
1224 1741 1321 1804 silvae
1336 1739 1363 1828 fu

167 1827 296 1914 gientes
316 1827 497 1906 texissent,
519 1823 716 1889 debellatum
737 1825 794 1886 illa
813 1826 958 1888 victoria
977 1827 1073 1888 foret
1362 1841 1363 1874 ι

241 1945 267 1996 1.
305 1960 407 1997 nonam
425 1945 575 2014 legionem,
602 1960 630 1994 v.
651 1940 715 1996 lud.
735 1942 759 1996 1.
780 1959 808 1994 v.
828 1939 970 2014 Legiones.
1015 1941 1079 2007 „Ea
1106 1947 1169 1993 turn
1197 1940 1274 2004 alio,
1307 1923 1363 2007 quui

169 2011 321 2138 Adbrfioeh'
348 2015 413 2068 loco
432 2015 552 2068 videtur
568 2014 672 2080 fuisse,
698 2019 728 2068 et
747 2013 865 2084 quidem
885 2015 916 2066 in
934 2029 1018 2084 prov.
1037 2009 1103 2082 Fise
1122 2019 1289 2082 castroque,
1319 2026 1351 2078 qu

170 2103 187 2138 a
228 2103 265 2139 uc
284 2093 377 2141 exstat
395 2094 424 2140 et
442 2085 553 2140 dicitur
576 2085 705 2140 uectore.
753 2085 870 2140 Duobus
893 2085 1014 2139 circiter
1036 2086 1112 2139 mill.
1140 2103 1215 2157 pass.
1242 2084 1277 2137 ab
1299 2099 1329 2136 eo

169 2175 274 2234 magna
292 2158 376 2229 palus
393 2158 470 2212 diota
484 2159 666 2221 Lech-Leaen,
684 2157 763 2212 unde
782 2159 915 2234 ingentes
926 2158 1062 2212 arborum
1077 2159 1174 2211 tnmci
1189 2174 1276 2228 saepe
1294 2173 1341 2210 eru
1362 2217 1363 2224 χ

169 2237 235 2297 tur,
265 2229 343 2300 quod
362 2237 404 2284 est
423 2231 580 2298 silvarum,
610 2248 682 2301 quae
701 2231 742 2284 ibi
759 2232 858 2299 fuere,
885 2238 1102 2306 argumentum.
1144 2231 1189 2285 Eo
1208 2229 1314 2284 referri
1330 2231 1363 2348 pp

170 2309 238 2355 sunt
257 2311 387 2356 extrema
405 2301 493 2358 huius
512 2321 574 2375 cap.
594 2305 712 2358 verba.’'
725 2304 803 2358 Brut.
824 2312 853 2358 et
865 2303 987 2359 Gordcn
1001 2303 1065 2357 itin.
1080 2311 1152 2374 sept.
1164 2319 1194 2374 p.
1208 2307 1255 2359 32.
1291 2338 1309 2370 „

170 2375 236 2429 cola
252 2375 350 2445 potius
369 2376 489 2462 eiusque
509 2377 629 2430 castelle
649 2377 681 2429 in
698 2393 783 2448 prov.
802 2377 866 2430 tire
884 2377 972 2430 foisse
994 2376 1148 2443 videntur,
1183 2383 1280 2429 castra
1303 2379 1363 2426 aut

170 2446 296 2522 legionis
323 2464 415 2502 nonae
441 2449 510 2504 unde
538 2457 651 2503 remote
678 2467 779 2503 versus
803 2449 1030 2520 septentrionem
1054 2450 1086 2502 in
1112 2465 1196 2522 prov.
1224 2447 1321 2524 Angue

170 2519 255 2572 blarr.
293 2519 393 2574 Castra
411 2537 527 2592 quoque
546 2529 575 2576 et
594 2521 730 2590 castella,
759 2538 885 2592 quorum
911 2521 1053 2590 reliquiae
1079 2523 1167 2576 etiam
1186 2538 1269 2574 nune
1288 2535 1340 2572 con

169 2591 297 2660 ciuntur,
316 2594 436 2648 fortasse
455 2601 600 2649 exstructa
618 2594 836 2649 Antoninorum
855 2601 885 2648 et
899 2593 1001 2648 Severi
1018 2593 1229 2665 temporibus.''
1252 2591 1354 2646 Walcb.

169 2670 288 2720 naetme
306 2667 475 2720 invalidam.-
498 2685 566 2721 narn
586 2667 687 2720 multis
705 2666 831 2738 proeliis
849 2668 948 2721 fuerat
968 2667 1141 2734 imminuta,
1170 2673 1199 2720 et
1217 2665 1286 2720 ideo
1304 2665 1363 2736 post

169 2737 304 2808 suppleta
323 2737 458 2808 dictaque
477 2739 618 2805 Gemina;
636 2741 712 2794 Brut.
751 2739 795 2793 ct.
816 2739 891 2792 Anu.
912 2743 964 2804 tt,
983 2741 1027 2796 32.
1047 2741 1092 2796 38.
1362 2775 1363 2810 ᾖ

240 2812 267 2865 2.
305 2815 335 2865 in
354 2817 423 2884 ipsis
440 2819 539 2868 catria
552 2813 732 2884 pugnabant.-
750 2812 781 2864 in
802 2829 827 2866 c.
847 2812 911 2864 vat.
931 2814 1011 2868 3429.
1045 2811 1240 2885 pugnabatur,
1261 2809 1363 2892 quodq

169 2897 274 2952 cepere
293 2881 380 2937 Beck.
400 2885 482 2939 Hert.
509 2885 623 2939 Peerlk.
661 2887 717 2939 Pro
740 2889 796 2938 iter·
821 2883 927 2938 vitiose
954 2888 1030 2939 inter
1056 2887 1116 2938 Put.
1141 2893 1201 2938 tres
1229 2891 1261 2938 et
1286 2884 1363 2948 iliu}

168 2959 292 3026 uestigiis
311 2959 460 3020 insecutus,
485 2973 541 3028 per
558 2956 681 3032 vestigia
699 2955 813 3022 hostes3
840 2957 908 3011 Ern-
928 2985 965 2997 -
1000 2960 1137 3012 umuiinre
1161 2963 1253 3028 tergis
1277 2953 1363 3029 pugni

167 3031 238 3151 {pum
246 3062 256 3088 ‚
266 3045 302 3154 ¹v.
321 3027 359 3155 Ξᾱ
375 3025 450 3156 grip.
469 3031 489 3085 2
496 3065 514 3158 ,5
529 3034 581 3095 13,
600 3034 627 3086 3.
647 3057 683 3070 -
712 3035 871 3103 propinqua
895 3033 954 3084 luce
979 3029 1046 3084 diei.
1086 3030 1130 3085 Gi.
1159 3029 1222 3084 Iud.
1246 3030 1288 3084 11.
1318 3037 1344 3083 et

195 3117 267 3227 mla.
292 3137 402 3226 'uim'
437 3105 586 3229 ibini.
611 3173 642 3226 n
664 3175 759 3244 gnua
786 3174 929 3229 cenaene
951 3191 975 3228 ο.
1004 3175 1067 3227 vu.
1087 3175 1167 3232 auno.
1192 3182 1224 3230 et
1251 3175 1319 3230 eae.
1345 3145 1363 3225 i

169 3248 237 3296 ante
255 3243 328 3298 Eun.
348 3261 406 3314 quo
441 3255 527 3306 ¹recte
545 3254 723 3301 revocarunt
740 3247 820 3301 Brot.
840 3247 928 3302 Beck.
946 3245 1066 3304 Waloh.
1085 3249 1167 3301 Hert.
1198 3249 1246 3302 Of.
1266 3247 1361 3302 ludi

169 3331 197 3368 v.
216 3315 361 3372 Adiectiuu
378 3319 492 3381 Dativis
509 3327 537 3374 et
556 3319 805 3393 Pmepositionibur
822 3323 973 3375 insolenter
989 3325 1094 3374 itote-ta.
1138 3317 1228 3376 ueteri
1257 3322 1293 3376 de
1319 3341 1350 3376 so

167 3403 221 3458 pro
239 3393 336 3462 gloria
355 3409 377 3444 c.
397 3409 413 3446 e
432 3392 510 3446 coni.
530 3391 610 3446 Acid.
630 3409 769 3466 recepere
786 3393 859 3446 Ern.
879 3393 942 3463 Bip.
963 3393 1012 3446 Ob.
1033 3393 1084 3446 Dr.
1104 3391 1141 3448 al.
1362 3417 1363 3420 ¹

241 3465 267 3517 i.
310 3463 393 3518 Ultro
419 3469 487 3537 puin
510 3472 597 3520 etium
623 3469 748 3538 irrupere
775 3465 819 3534 (in
836 3465 991 3519 Britannos
1010 3465 1149 3534 Romani,
1179 3467 1233 3536 qui
1255 3467 1291 3520 in
1310 3485 1363 3534 cas¹

170 3536 265 3600 erant)
291 3535 355 3590 edd.
379 3545 437 3592 vet.
465 3537 544 3608 quod
570 3538 644 3593 bene
667 3537 860 3593 defenderunt
888 3537 978 3594 Doed.
1005 3537 1037 3590 in
1059 3537 1139 3592 Actis
1164 3538 1279 3610 philol.
1300 3537 1363 3600 Mod

168 3603 202 3659 Τ.
222 3609 249 3663 2.
268 3607 289 3660 f.
308 3611 335 3665 3.
365 3616 395 3663 ct
412 3607 532 3667 Walch.
571 3609 614 3664 cf.
634 3610 671 3664 ad
689 3612 726 3666 H.
745 3612 780 3678 2,
800 3615 854 3678 70,
873 3613 900 3668 6.
938 3627 1049 3682 erupere
1073 3628 1098 3664 c.
1126 3613 1189 3666 Vat.
1214 3617 1304 3671 3429.
1332 3619 1363 3694 qi

169 3693 308 3748 recepere
327 3679 406 3734 Brut.
427 3682 499 3737 Ern.
520 3683 629 3738 etalii.
650 3711 687 3723 -
717 3683 801 3738 donec
846 3685 901 3739 ulsi
925 3683 1015 3739 hostes
1032 3691 1108 3738 sunt.
1127 3713 1165 3726 -
1194 3694 1363 3760 utroqueet

169 3755 228 3804 citu
246 3749 384 3806 Romano.
422 3755 488 3808 Mox
507 3755 549 3811 bis
568 3759 704 3811 intuliiese
722 3773 801 3828 opem
845 3763 882 3810 at.
896 3759 976 3814 3429.
1362 3801 1363 3804 =

240 3823 267 3878 5.
307 3823 388 3890 Quod
402 3829 459 3881 nisi
477 3828 592 3898 (quodsi
611 3833 683 3896 non)
701 3829 816 3901 paludes
839 3837 866 3882 et
888 3827 1021 3900 sidones.
1046 3837 1068 3882 t.
1096 3825 1211 3896 hostes,
1243 3819 1363 3890 debellati

169 3893 537 3968 illaesumutffio,
558 3904 601 3957 18.
636 3901 680 3956 Gi.
701 3902 738 3955 ad
757 3919 821 3973 cap·
838 3905 884 3960 32.
910 3921 939 3957 ιι.
958 3903 985 3958 2.

610 4083 804 4142 CAPUT
846 4083 959 4139 XXVII.

176 4270 183 4282 ι
235 4185 358 4282 ΙΟιιὶιιι
380 4193 565 4254 constantia
585 4213 624 4255 ao
643 4199 732 4258 fama
753 4199 848 4259 ferox
869 4201 1055 4280 exercitus,
1077 4199 1162 4260 nibil
1181 4199 1317 4262 virtuti
1340 4191 1363 4266 si

170 4287 320 4342 znvzum3
361 4276 600 4353 penetrandam
622 4278 836 4342 Caledoniam
857 4282 1154 4364 inveniendumque
1175 4286 1326 4346 tandem
1348 4287 1363 4350 d

172 4355 305 4416 tanniae
328 4358 507 4420 terminum
529 4362 682 4424 continuo
711 4365 911 4444 proeliorum
943 4387 1063 4447 cursu,
1101 4365 1317 4434 fremebant.-
1362 4395 1363 4434 i
