2770 4792
450 219 592 314 cirus
624 249 717 315 xxi.
1132 251 1191 314 sn

36 423 104 488 1711
131 429 151 474 el
171 419 316 491 praesidiis
334 417 506 488 castellisque
525 417 727 478 circumdatae,
751 414 943 486 (etquidem)
972 421 1056 468 tenta
1081 417 1191 470 ratim

33 497 335 622 1111111111111111113.
352 507 413 560 cap·
434 493 478 546 ²1⁸
499 491 668 546 mmm
687 509 759 546 ’1οΜ
774 509 846 560 ΡΜ
864 491 1023 544 illucessitu.
1063 488 1192 542 Transiit

421 765 616 822 CAPUT
658 766 756 822 xxi·

79 872 197 960 Sequens
234 879 339 942 hiems
373 879 599 942 saluberrimis
629 879 777 940 consiliis
806 878 997 962 absumpta:
1039 895 1190 962 namque,

31 965 52 1016 ul
65 960 177 1026 homines
197 963 337 1048 dispersi
359 984 397 1025 ac
418 961 539 1042 rudes,
579 982 683 1046 eoque
704 965 739 1024 in
761 962 846 1024 bella
866 965 994 1044 faciles,
1033 963 1138 1044 quieti
1159 971 1191 1024 et

29 1043 68 1102 ulio
89 1065 136 1126 per
160 1049 340 1130 uoluptates
370 1055 617 1125 assuescerent,
654 1047 784 1108 hortari
812 1045 988 1129 privatim,
1030 1043 1192 1110 adiuvare

30 1126 126 1206 publice,
151 1141 186 1192 ut
204 1141 268 1194 tem
295 1133 340 1206 la,
376 1135 468 1205 fora,
497 1129 614 1192 domus
635 1138 862 1204 exstruerent,
894 1127 1058 1192 laudando
1078 1147 1192 1211 prom-

29 1217 71 1286 plu
85 1218 110 1270 et
124 1216 258 1300 mstigau
281 1235 302 1276 o
324 1235 448 1301 segnes.
493 1212 543 1273 lta
564 1213 701 1276 honoris
722 1215 898 1276 aemulatio
919 1233 982 1296 pro
998 1215 1192 1276 necessitate

28 1301 75 1349 aab
105 1294 162 1357 lam
186 1319 265 1359 uero
292 1300 483 1382 principum
510 1297 595 1358 filios
622 1296 815 1360 liberalibus
842 1297 970 1358 artibus
997 1295 1135 1360 erudire
1159 1305 1192 1358 et

29 1371 110 1458 ingenia
127 1379 354 1444 Britannorum
376 1379 494 1443 studiis
518 1379 689 1442 Gallorum
711 1381 893 1458 anteferre,
921 1389 979 1459 ut,
1014 1382 1073 1464 qui
1093 1377 1191 1442 modo

26 1457 120 1540 linquam
133 1461 305 1526 Romanam
326 1466 525 1542 abnuebant,
548 1464 767 1548 eloquentiam
782 1465 1065 1548 concupiscerent.
1111 1461 1192 1525 lude

27 1542 86 1602 fliam
101 1543 215 1608 habitus
239 1551 345 1610 nostri
367 1550 530 1610 honoret
557 1550 712 1631 frequens
743 1557 839 1633 toga;
872 1548 1097 1630 paulatimque
1126 1546 1192 1609 dis·

24 1639 105 1686 meum
122 1629 158 1689 ad
177 1631 394 1694 delenimenta
415 1635 596 1712 vitiorum,
637 1634 788 1715 porticus
816 1639 853 1703 ¹et
880 1629 995 1694 balnea
1024 1643 1058 1696 et
1079 1634 1193 1694 convi-

24 1707 109 1769 tiorum
127 1714 330 1798 elegantiam:
357 1714 459 1797 idque
480 1713 570 1797 apud
591 1718 766 1800 imperitos
788 1715 976 1775 humanitas
996 1715 1190 1792 vocabatur,

22 1805 84 1866 pm
99 1815 165 1878 pers
184 1801 359 1862 seruitutis
380 1807 474 1862 esset.
1180 1805 1181 1808 ’

65 1930 82 1979 l·
114 1923 221 2002 Sequens
239 1933 327 1988 biems
345 1952 369 1986 a.
391 1935 426 1990 U.
446 1937 510 1992 833.
537 1941 586 1988 sut
611 1935 674 1990 831.
713 1932 756 1988 cf.
782 1931 903 1988 Gordou
922 1932 986 1988 itin.
1006 1940 1078 2004 sept.
1097 1949 1126 2004 p.
1146 1937 1190 1989 17.

20 1993 280 2072 1111111111-
313 2007 502 2061 saluberrimis
529 2009 654 2060 consiliis
674 2016 728 2060 cet.
775 2005 848 2060 Eam
873 2007 1018 2082 ingressus
1046 2013 1088 2060 est
1113 2007 1191 2060 viam

21 2081 38 2114 ¹2
50 2073 177 2196 uitiqensls
194 2079 404 2132 Britannorum
424 2081 539 2134 feritate
557 2079 718 2154 Agricola,
746 2097 832 2150 quum
850 2081 944 2150 primi
963 2079 1071 2133 civium
1091 2078 1192 2134 conili-

21 2141 75 2206 'Bb's
105 2149 234 2220 equibus
257 2151 317 2204 Cic.
337 2151 369 2202 in
388 2149 525 2206 Sextiana
543 2170 568 2206 c.
588 2156 649 2218 42,
668 2153 872 2222 praeiverunt5
894 2151 970 2206 Vird.
1005 2153 1137 2222 dispersi,
1158 2158 1193 2205 ut

20 2207 125 2284 imunt,
143 2226 190 2287 (ci
211 2224 249 2278 G.
271 2227 306 2279 16
324 2227 384 2294 pr.)
403 2243 437 2278 uc
454 2228 543 2286 rudes,
561 2242 628 2278 nem
646 2225 779 2278 Britanni
799 2223 1040 2296 septentrionales
1059 2223 1192 2278 rudiores

20 2295 78 2348 ml,
93 2307 168 2358 quam
186 2295 360 2361 meridiani3
383 2297 488 2350 Walcb.
507 2327 544 2338 -
576 2315 656 2368 eoque
675 2300 716 2363 (v.
735 2298 772 2351 ud
789 2299 864 2354 Ann.
886 2304 921 2365 1,
942 2302 995 2360 16,
1015 2300 1056 2364 1.)
1074 2302 1104 2352 in
1123 2299 1193 2352 bello

15 2347 76 2416 iun
90 2362 142 2417 lat.
161 2369 182 2419 l.
204 2370 242 2422 11.
273 2367 336 2421 edd.
357 2376 414 2422 ret.
434 2379 501 2424 unte
520 2367 611 2424 liben.
631 2373 657 2426 2.
685 2369 764 2440 quod
790 2371 945 2426 restituere
971 2370 1033 2441 Bip.
1060 2370 1110 2423 Ob.
1137 2371 1189 2424 Dr.

18 2425 39 2476 ²1
62 2431 102 2486 sel
125 2441 241 2494 omnino
271 2441 457 2496 scribendum
486 2461 544 2496 esse
571 2461 651 2515 eoque
674 2440 785 2510 bellos.
815 2445 859 2508 (ut
878 2445 953 2496 Anu.
972 2447 1009 2510 2,
1030 2447 1074 2499 27.
1094 2445 1126 2506 5,
1147 2447 1190 2498 11.

18 2511 44 2562 li·
56 2503 78 2554 [ἶ.
94 2510 115 2560 5.
133 2519 216 2572 extr.)
237 2513 289 2566 vel
308 2532 329 2576 e,
350 2517 381 2568 iu
401 2517 498 2569 bellum
518 2516 628 2570 sivein
648 2515 720 2570 bella
738 2516 881 2584 (proelia,
901 2535 928 2568 v.
949 2515 985 2569 ad
1004 2513 1077 2567 Ann.
1095 2519 1124 2586 2,
1144 2517 1191 2582 52,

16 2571 37 2622 2.
49 2594 62 2626 ι.
75 2581 106 2630 ul
118 2583 184 2638 bella
195 2585 321 2652 fusiles,
353 2586 411 2640 iam
437 2588 491 2640 alii
516 2589 796 2642 suisnudverterunt.
834 2587 941 2641 Facilis
967 2592 998 2641 in
1026 2590 1119 2658 aliquo
1141 2589 1193 2642 vel

16 2645 121 2734 &potest
137 2655 224 2724 lenis,
245 2659 340 2724 mitis,
360 2659 526 2726 exorabilis,
540 2660 645 2728 fusilis
659 2664 747 2714 alicui
765 2665 843 2714 etin
862 2679 883 2714 s.
902 2662 942 2714 cul
957 2661 1072 2731 aliquid,
1091 2677 1193 2731 prom·

13 2721 62 2784 1115,
77 2725 196 2792 idoneus,
217 2739 320 2801 septaes
344 2731 449 2785 Walcb.
486 2735 563 2788 Bello
574 2733 694 2802 faciles,
731 2733 782 2802 qui
800 2731 887 2786 facile
906 2735 939 2786 in
962 2749 1042 2786 arma
1069 2750 1085 2786 s
1108 2750 1191 2786 ereu-

14 2793 40 2838 bf
56 2803 76 2846 el
94 2803 218 2868 quamvis
250 2803 365 2857 levibus
394 2803 428 2858 de
454 2807 545 2860 causis
575 2807 685 2862 bellum
714 2813 874 2872 susnerent5
907 2806 983 2860 Vird.
1020 2805 1064 2860 ld.
1086 2752 1192 2862 ledere

15 2853 68 2917 Μ.
89 2873 111 2924 2.
134 2878 158 2928 3
185 2883 215 2928 et
245 2885 302 2930 cet.
339 2885 405 2931 aute
433 2877 498 2949 Bip.
524 2895 580 2932 nec
607 2895 667 2934 non
695 2877 782 2932 Beck.
807 2879 889 2932 Hert.
913 2877 1034 2934 Wslcb.
1062 2883 1093 2932 in
1121 2879 1192 2934 bellu

13 2924 57 2990 ish.
75 2941 153 2998 liekk.
183 2956 213 3002 et
243 2947 361 3002 Peerllu.
391 2967 463 3020 quos
494 2960 608 3005 secutus
636 2969 717 3018 suun,
753 2951 821 3022 quia
849 2952 948 3006 leuior
978 2959 1021 3006 est
1045 2951 1192 3008 medicine

12 3013 185 3094 {emendatio
220 3020 782 3090 calnd.11.etadann.1s,s.-
817 3027 908 3095 quieti
931 3032 960 3080 et
982 3029 1042 3080 otio
1066 3027 1114 3092 (ec
1133 3043 1192 3080 seu

12 3087 75 3148 mun)
87 3107 133 3158 per
149 3095 313 3163 uoluptates
336 3105 521 3150 assuescerent
540 3113 631 3167 eoque
658 3097 907 3152 effeminarenmr.
947 3097 992 3153 Gi.
1021 3108 1089 3152 nota
1106 3103 1133 3154 l.
1161 3107 1192 3153 et

12 3149 145 3227 1111113.
181 3195 221 3206 -
260 3171 383 3236 templu,
405 3167 492 3235 sora,
526 3171 622 3224 domus
645 3179 822 3228 exstruerent.
860 3171 961 3237 „Hinc
986 3171 1018 3224 in
1041 3171 1191 3226 sunnin

12 3217 78 3313 Busa
93 3236 196 3302 ituree,
235 3239 315 3292 lulii
333 3238 489 3314 Agricolae
509 3242 630 3310 domus,
661 3249 690 3296 et
707 3243 839 3296 Aulum
861 3245 920 3296 Oon
938 3261 960 3299 s.
984 3245 1075 3308 Ouen,
1102 3245 1192 3299 sacel-

12 3283 168 3423 minim·
189 3309 331 3435 Sterlinq
349 3330 441 3384 prope
460 3315 629 3368 Bodotriam
648 3315 811 3384 ostiumque
839 3317 930 3370 amnis
950 3317 1082 3384 Carron,
1111 3317 1192 3386 quod

12 3419 14 3448 q
50 3383 200 3454 isigniiero
222 3393 278 3437 aut
298 3387 389 3440 utori
410 3387 537 3456 positum
556 3387 646 3440 tuisse
670 3388 784 3440 volunt.
814 3406 842 3440 v.
870 3388 992 3444 Gordon
1018 3390 1117 3443 itiner.
1145 3407 1197 3448 se·,

12 3445 73 3528 lilli-
88 3470 113 3523 p-
133 3458 176 3512 29.
218 3457 260 3510 At
281 3455 379 3510 iubis
399 3459 493 3512 facilis
513 3467 556 3513 ost
575 3459 734 3523 divinatio,
754 3460 895 3532 proclivis
916 3478 1018 3524 error,
1043 3461 1190 3516 rarissima

42 3529 94 3574 tufi
110 3529 185 3582 Brut.
229 3529 316 3582 idem
335 3531 414 3585 valet
432 3531 467 3586 de
487 3532 549 3598 iis.
572 3549 645 3603 quae
670 3533 748 3586 dicte
773 3541 839 3587 sunt
858 3532 893 3585 ad
912 3549 973 3604 esp.
995 3537 1038 3588 ll.
1059 3551 1088 3587 n.
1109 3537 1134 3588 1.
1154 3563 1191 3575 -

44 3601 136 3674 ’,1.εά
155 3620 180 3654 c.
202 3607 249 3658 13.
275 3619 305 3655 n.
325 3605 352 3658 2.
371 3633 408 3646 ·-
426 3607 591 3676 castigando
610 3623 718 3677 sepire,
736 3613 769 3656 ut
786 3622 830 3674 sp.
852 3605 911 3659 cie.
932 3607 979 3660 0r.
999 3611 1043 3663 ll.
1063 3613 1092 3661 et
1110 3605 1188 3662 Caes.

12 3679 67 3732 ¹su.
84 3675 114 3736 1,
131 3679 159 3731 3.
199 3675 350 3729 laudarisio
363 3687 524 3748 promptos,
543 3697 569 3732 v.
590 3678 626 3730 ad
646 3678 720 3731 Ann.
741 3681 843 3744 1,13‚
864 3683 888 3733 1.

12 3785 14 3808 ,
45 3742 63 3792 2
97 3746 154 3800 lum
177 3767 246 3802 uem
274 3751 436 3818 principante
457 3753 536 3821 filios
563 3753 722 3806 liberalibus
748 3752 856 3804 artibus
885 3752 926 3817 (v.
956 3750 992 3804 ad
1009 3768 1035 3804 c.
1054 3755 1081 3806 1.
1101 3767 1130 3805 n·
1149 3755 1192 3816 ll.)

47 3817 84 3864 'se
108 3819 207 3876 eadem
237 3820 463 3902 sanissimaque
485 3833 547 3878 arte
574 3843 641 3878 usus
670 3831 713 3878 est
731 3821 892 3897 Augustum
911 3823 987 3877 Brut.
1016 3825 1085 3878 coll.
1111 3825 1189 3880 Suet.

43 3891 88 3942 ,13
119 3892 259 3960 „Eadem
282 3909 352 3946 cure
371 3896 428 3948 fuit
446 3895 576 3950 Sertorio
595 3903 624 3962 et
643 3896 877 3968 imperatoribus.
898 3898 935 3950 cf.
955 3896 1032 3954 Anu.
1052 3899 1079 3966 ²,
1097 3902 1124 3956 2.
1146 3903 1191 3965 11,

43 3962 123 4021 ¹210.
161 3967 306 4020 Fortasse
326 3973 354 4018 et
372 3967 484 4022 scbolas
504 3969 645 4032 instituit,
677 3976 711 4022 ut
739 3968 875 4042 Caligula
901 3968 932 4022 in
959 3969 1055 4024 Gallia
1079 3979 1108 4024 et
1125 3971 1192 4026 Bel·

49 4122 80 4158 Μ
96 4112 165 4166 dixit
184 4112 299 4167 Gallos
319 4112 501 4181 eloquentiae
521 4113 690 4182 (Romanae)
709 4115 796 4180 famu,
816 4112 947 4168 sedeam
967 4115 1065 4170 labore
1085 4123 1114 4169 et
1131 4123 1192 4168 stu·

31 4027 50 4110 ‘³
64 4033 152 4092 Wslciu
173 4070 211 4082 ·-
239 4043 361 4108 ingenia
377 4040 581 4095 Britannorum
604 4041 706 4096 studiis
733 4041 876 4094 Gallorum
900 4040 1058 4110 anteferre,
1085 4043 1191 4098 llorere

14 4016 116 4299 ἒῑῑςὶε
132 4203 220 4256 quam
248 4187 430 4256 praestantia
455 4187 568 4263 ingenii
594 4203 788 4256 comparasses
816 4185 917 4240 Burbu.
954 4185 1101 4254 Auteferre
1119 4187 1148 4240 h.
1169 4189 1190 4242 l.

16 4261 203 4379 wageriam
223 4258 309 4312 Brit.
329 4260 509 4344 inl⁰f¹¹¹ffi¹
529 4259 701 4348 Gallorum,
728 4255 766 4344 ⁸b.
788 4275 811 4312 e.
832 4261 946 4335 facere,
971 4268 1004 4352 ut
1023 4259 1101 4312 illud
1119 4258 1191 4314 baso

18 4339 133 4458 sui?
148 4331 263 4475 iii·
282 4327 453 4476 ..Ἥ
469 4329 890 4476 turiurum?
909 4333 1190 4472 {ellurum
