2792 4792
188 205 249 266 161
540 199 716 262 LIBElsLI
740 197 797 260 DE
820 195 1056 268 GERMANIA

190 366 350 421 turriculas
380 365 525 429 crinitae,
559 366 631 419 nodo
661 365 864 436 submergere,
899 362 1090 429 subnectere,
1117 363 1196 418 Buri.
1243 365 1387 438 „Obliquum

189 445 292 494 enses
310 447 338 492 et
356 437 426 492 node
443 439 652 510 substringam,
672 439 739 505 quia
758 437 833 489 nodo
852 435 942 490 aliter
961 435 1160 512 substringere
1180 447 1333 507 nequeunt,
1350 435 1387 488 nii

189 513 368 582 obliquatum
388 528 420 564 ec
440 517 558 564 tortum.
596 511 663 564 ldeo
689 509 851 582 obliquanda·
877 508 970 560 crinis
998 510 1155 576 meminit,
1181 518 1215 562 ut
1242 510 1387 564 ostenderet

189 603 226 639 ex
246 585 308 654 ipso
329 583 412 637 crine
431 581 540 635 nodum
559 599 607 636 eos
626 584 732 649 iacere,
752 598 812 636 non
830 581 888 634 alio
906 579 1027 632 vinculo
1046 581 1163 636 nodare.
1203 584 1277 636 Nam
1294 581 1387 636 rincult

187 665 239 710 aut
256 657 352 710 taenia
369 661 464 725 potest
482 655 584 708 nodari
604 671 638 707 ac
657 655 781 727 religari
800 653 895 706 crinis
914 652 1001 705 etiam
1019 660 1116 706 rectus
1135 662 1165 708 et
1183 655 1216 706 in
1234 663 1341 708 rectrun
1358 653 1387 706 61

189 728 339 783 scandens.
377 727 415 780 At
441 743 477 780 ex
506 727 582 798 ipso·
596 727 678 780 crine
703 725 811 780 nodum
835 727 933 778 iacere
958 740 1018 777 non
1038 725 1125 778 datur
1144 727 1201 780 nisi
1220 727 1387 795 obliquatos

190 809 275 855 torto.
313 799 397 854 Nodo
415 799 634 873 substringendi
654 799 747 851 crinis
766 813 898 860 morem,
924 812 984 849 non
1004 797 1092 850 etiam
1112 799 1250 852 flectendi
1269 807 1316 851 aut
1332 801 1387 856 lem

190 874 286 926 calido
306 871 439 936 rotandi,
461 871 617 924 Germanis
636 879 767 924 auctores
786 869 895 940 passim
914 869 1056 924 tribuunt.
1093 869 1150 924 seu
1168 887 1322 940 perperam
1338 865 1387 926 h.l

190 947 312 1016 capiunt
337 944 373 998 de
397 945 482 996 crine
510 943 685 996 calamistris
709 943 832 996 vibrato.
876 942 937 994 Nec
962 941 1055 995 altera
1078 943 1184 996 melior
1202 941 1387 1013 interpretatio

189 1025 223 1070 ut
241 1019 353 1072 crinem
372 1033 432 1068 non
451 1017 483 1067 in
500 1025 613 1069 rectum
633 1016 710 1085 passi
729 1015 789 1067 sint
807 1013 992 1076 descendere,
1012 1013 1063 1067 sed
1080 1015 1253 1070 reduxerint
1270 1015 1303 1068 in
1320 1021 1387 1084 poste

189 1091 302 1144 riorem
331 1089 472 1141 verticem
496 1097 525 1141 et
555 1088 802 1156 obliquarerint.’'
827 1085 943 1139 Sannoi.
967 1085 1002 1138 16
1021 1085 1115 1140 Solin
1142 1105 1169 1158 p.
1196 1091 1258 1144 762.
1284 1088 1321 1140 al.
1348 1087 1387 1140 531

189 1163 305 1234 Optime
323 1169 419 1214 autem
437 1160 509 1213 haec
529 1160 617 1214 rerba
636 1161 768 1229 expunxit
786 1159 900 1213 Becker
918 1159 949 1210 in
968 1157 1101 1212 Seebodii
1121 1175 1195 1214 nora
1213 1159 1284 1212 bibl.
1303 1160 1362 1212 crit.
1379 1167 1387 1208 1

189 1236 268 1290 1825.
288 1251 316 1304 p.
336 1236 398 1290 212.
418 1236 481 1289 213.
502 1232 663 1301 etquidem
681 1233 737 1284 ita:
756 1232 890 1304 „insigne
909 1240 938 1284 et
955 1247 1016 1284 mos
1034 1237 1143 1302 gentis,
1162 1231 1340 1296 suevorum,
1359 1235 1387 1284 ssl

186 1313 291 1360 crinem
310 1321 369 1358 non
387 1305 572 1369 submittere,
593 1321 666 1374 quae
685 1305 824 1358 namralis
843 1305 905 1358 eius
923 1305 1018 1356 forma
1036 1312 1094 1371 est,
1113 1305 1163 1358 secl
1180 1305 1330 1376 obliquare,
1347 1317 1387 1356 sua

187 1397 251 1432 sum
274 1385 304 1432 et
321 1385 401 1432 retro
421 1377 570 1440 mulcere,
598 1377 735 1442 (ocrlsbrt
761 1377 826 1430 oder
848 1382 879 1431 in
907 1375 956 1427 der
982 1383 1254 1449 entgegsngesstztsn
1273 1376 1387 1442 Ricbtunl

186 1449 294 1520 biremes
308 1468 341 1502 zu
359 1450 506 1516 streicben)
526 1451 648 1520 nodoque
665 1449 855 1520 substringere
873 1448 904 1500 in
922 1448 1044 1502 vertice.
1081 1449 1116 1502 In
1134 1452 1202 1504 otiis
1218 1445 1387 1520 3111111111,

179 1541 251 1580 unos
271 1540 353 1576 rarus
373 1530 415 1576 est
433 1529 462 1575 et
480 1522 635 1576 iuvenibus
653 1529 788 1587 tentum,
818 1521 894 1592 apud
909 1521 1007 1574 81111111
1026 1521 1112 1575 etiam
1131 1522 1269 1587 senibus,
1297 1521 1348 1591 qui
1368 1529 1387 1578 11

182 1599 286 1667 pillos,
312 1611 371 1650 non
395 1595 497 1648 densos
517 1603 545 1648 et
570 1595 706 1660 fluentes,
726 1594 777 1647 sed
801 1593 933 1668 singulos
961 1601 990 1647 et
1009 1609 1107 1659 raros,
1136 1594 1168 1646 in
1187 1595 1387 1664 temporibus<

184 1669 326 1740 occipitio
344 1667 394 1719 hic
413 1667 454 1719 ibi
472 1683 597 1737 sparsos,
622 1683 677 1720 neo
694 1666 826 1737 pondera
844 1666 973 1720 crinium
993 1665 1161 1736 depressos,
1181 1667 1246 1733 (secl
1263 1666 1387 1726 horrente

184 1741 284 1795 Germ.
295 1739 481 1809 strupps'cbte)
490 1748 565 1792 retro
582 1748 741 1810 sequantur,
759 1755 879 1809 operose
898 1746 926 1792 et
946 1740 1060 1792 curiose
1079 1739 1220 1793 collectos
1239 1747 1320 1793 retro
1336 1731 1387 1792 mul

184 1821 251 1868 cent
267 1813 397 1884 pectine,
414 1812 506 1882 (quod
520 1811 660 1887 graphice
677 1811 803 1876 dictum)
812 1830 846 1864 ac
862 1829 941 1880 saepe
959 1813 1054 1882 ligurit
1071 1815 1103 1864 in
1121 1817 1220 1866 vertice
1238 1815 1307 1875 solo,
1327 1810 1387 1868 nucll

183 1885 306 1961 glabro,
335 1885 434 1949 calvo,
463 1885 594 1938 crinibus
622 1883 738 1938 nudato.
759 1885 947 1949 (1111111111,
966 1900 1069 1953 rupes,
1089 1884 1169 1957 agri,
1190 1884 1255 1938 loca
1275 1884 1387 1938 clicuntu

181 1962 257 2019 solu,
276 1955 420 2020 solitaria,
441 1957 569 2020 deserta,
587 1959 689 2019 vasta.)
730 1957 774 2009 Ec
792 1975 859 2010 cura
869 1955 983 2025 surmus
1002 1955 1073 2026 ipsis
1092 1972 1208 2026 mleque
1226 1957 1342 2010 senibus
1360 1965 1387 2020 es

182 2032 231 2084 ssd
246 2034 377 2091 innecte,
403 2045 462 2082 non
490 2047 526 2082 ex
545 2029 682 2082 vanitatis
700 2039 729 2084 et
747 2029 863 2083 decoris
881 2029 976 2082 studio
995 2029 1141 2096 profecta,
1170 2037 1204 2082 ut
1222 2029 1334 2099 puellis
1353 2029 1387 2098 pli

184 2111 281 2167 ceant,
312 2101 363 2155 sed
386 2108 418 2152 ut
442 2101 589 2155 calvitiem
609 2101 748 2176 obtegant
773 2101 895 2155 verticis
915 2109 944 2154 et
962 2100 1016 2154 sibi
1034 2103 1159 2154 somnam
1179 2102 1341 2155 iuvenilem
1360 2101 1387 2166 111

183 2175 329 2244 stibusquc
348 2173 512 2226 terribilem
530 2173 679 2228 induant.''
716 2175 807 2228 Bene:
834 2173 884 2227 sed
908 2181 984 2226 ntro
1002 2177 1081 2244 sequi
1104 2173 1269 2228 insolenter
1289 2175 1387 2240 dictus

179 2265 244 2303 non
272 2255 306 2298 ut
332 2253 479 2316 argentum
503 2251 596 2318 magis
621 2265 704 2317 quam
722 2265 822 2300 aurum
840 2251 919 2317 sequi
936 2262 962 2298 c.
982 2248 1008 2301 5.
1027 2248 1087 2316 pilo
1105 2252 1185 2316 aequi
1209 2247 1243 2299 H.
1264 2250 1301 2310 1,
1321 2249 1387 2316 281

177 2319 248 2373 sim.
287 2319 425 2372 Ceterum
441 2317 494 2372 ille
520 2317 650 2371 crinium
675 2320 761 2373 nodus
786 2319 903 2394 insigne
931 2320 1019 2372 etiam
1042 2322 1165 2372 altarum
1183 2325 1330 2390 genuum,
1361 2317 1387 2390 Sl

183 2391 372 2468 gembrorum
391 2391 580 2461 aliorumque
606 2391 836 2456 Germanorum,
867 2399 900 2443 ut
925 2389 1057 2444 Silurum
1084 2391 1165 2468 (Agr.
1188 2397 1245 2458 11.)
1271 2399 1301 2444 et
1328 2392 1387 2446 etia

184 2481 262 2518 nnnc
279 2463 461 2534 puellarum,
488 2465 612 2518 maxime
637 2465 829 2527 rusticarum,
855 2463 888 2514 in
912 2465 1003 2517 variis
1028 2465 1203 2518 Germaniae
1227 2464 1387 2535 provincii

184 2537 353 2623 diciturque
372 2535 423 2589 Gr.
444 2533 622 2600 ἐπανάστασις
639 2539 751 2608 τριχῶν,
780 2533 919 2610 sebasto,
947 2537 979 2588 in
1004 2536 1093 2602 viris,
1122 2537 1155 2590 in
1173 2537 1294 2590 feminis
1315 2533 1387 2620 adpo]

183 2609 247 2677 βος,
265 2629 393 2682 σκορπιος
410 2609 442 2660 111
460 2609 580 2678 pueris,
608 2611 723 2682 κέρατα,
741 2609 821 2663 Rom.
841 2611 964 2670 tantm,
990 2615 1079 2663 strues
1098 2619 1128 2663 et
1146 2609 1214 2664 nodi
1232 2613 1387 2679 capillorul

182 2698 300 2744 cornua,
319 2686 406 2740 cirri,
424 2687 559 2734 turritum
577 2689 678 2752 caput,
707 2683 802 2736 crines
831 2681 864 2732 in
883 2681 997 2734 vertice
1016 2681 1119 2752 capitis
1139 2689 1232 2736 metae
1252 2691 1305 2735 aut
1325 2692 1387 2736 tum

182 2756 276 2807 instar
301 2754 472 2818 convoluti,
507 2753 607 2807 Germ.
632 2754 856 2816 Hanc-Wulst,
886 2751 1000 2823 Scbops,
1036 2753 1167 2815 Rusetst,
1189 2755 1326 2816 iinotsn,
1361 2763 1387 2816 nt

181 2824 425 2895 liner-Schweis,
450 2845 466 2879 a
491 2843 547 2896 quo
573 2827 654 2879 Saevi
675 2833 816 2896 putantur
842 2825 922 2878 dicti.
962 2825 1005 2880 Gi.
1027 2826 1120 2896 intpp.
1141 2827 1272 2880 luvenal.
1292 2833 1332 2894 6,
1355 2829 1387 2884 511

182 2904 231 2962 18,
252 2903 312 2954 165.
333 2898 457 2951 Martial.
477 2900 508 2964 5,
528 2901 572 2953 38.
600 2905 628 2952 et
647 2898 681 2952 sle
700 2907 788 2968 spect.
808 2901 844 2964 3,
864 2903 891 2954 9.
932 2897 1037 2952 Smetii
1056 2900 1147 2970 antiq.
1167 2901 1311 2976 Neomeg.
1333 2901 1371 2954 ad

180 2976 225 3028 71).
256 2970 319 3035 (ubi
338 2969 394 3022 Xll
419 2968 646 3044 Sygambrorum
675 2971 770 3041 capita
796 2971 928 3024 crinibus
952 2971 983 3022 in
1011 2971 1120 3025 nodum
1148 2972 1235 3025 tortis
1260 2990 1387 3044 express

179 3043 299 3097 Diodor.
320 3045 353 3104 5,
372 3045 415 3097 28.
446 3040 575 3112 11111.
598 3045 658 3099 126.
679 3053 708 3097 et
727 3043 762 3097 de
782 3043 879 3107 11113,
903 3047 948 3099 26.
980 3043 1115 3118 Wagner
1140 3045 1171 3096 in
1198 3043 1324 3098 Seebod.
1347 3043 1387 3176 bi}

183 3117 250 3168 crit.
270 3133 295 3167 a.
315 3115 392 3170 1823.
412 3131 441 3184 p.
460 3117 522 3170 788.
559 3115 720 3190 Boettigeri
739 3115 844 3168 Sabina
869 3132 898 3187 p.
918 3120 962 3173 61.
989 3121 1051 3172 168.
1078 3121 1139 3172 111.
1160 3120 1219 3173 127.
1240 3121 1374 3172 135-1

183 3191 244 3243 118.
266 3191 326 3241 111.
346 3186 390 3239 etl.
409 3203 455 3257 pr.
475 3187 597 3258 obligare
615 3193 719 3241 crinem
738 3187 793 3242 lllS.
812 3188 928 3241 Hurnm.
1386 3245 1387 3250 ,

253 3263 279 3316 3.
298 3263 340 3312 sic
353 3259 501 3312 suevorum
516 3265 662 3332 ingencia
674 3265 759 3314 servis
771 3271 950 3330 separantur,
968 3259 1025 3314 hoc
1043 3261 1156 3337 insigni
1177 3255 1387 3338 distinguuntu

181 3331 266 3385 Serri
285 3349 386 3384 eorum
406 3332 543 3385 videntur
561 3333 637 3386 tonsi
655 3333 757 3397 fuisse,
775 3341 826 3400 aut
845 3333 885 3386 ite
904 3334 1063 3401 decurtati,
1092 3342 1125 3386 ut
1145 3333 1288 3406 obliquare
1310 3343 1387 3420 crint

181 3405 243 3459 nod.
262 3404 361 3458 substr.
381 3420 440 3458 non
457 3405 627 3473 potuerint,
646 3406 724 3458 Brot.
762 3404 849 3474 Apud
861 3405 989 3460 Francos
1008 3405 1089 3478 plebi
1108 3411 1226 3460 incisam
1236 3405 1345 3475 fuisse
1366 3425 1387 3468 ct

181 3483 282 3532 scriem
302 3476 425 3551 Gregor.
446 3477 555 3530 turon.
575 3481 610 3541 3,
637 3481 821 3544 8111111111,
847 3485 876 3531 et
894 3478 923 3531 le
944 3477 1006 3530 ibus
1025 3479 1086 3532 Bur
1107 3479 1231 3542 111166,
1260 3483 1291 3532 1.
1315 3499 1387 3537 sere

181 3550 323 3625 fugitivus
341 3548 517 3619 prohibetur
535 3552 666 3618 capillum
677 3548 789 3617 facere,
819 3548 898 3604 haud
916 3567 933 3604 o
954 3567 1038 3604 scuro
1057 3497 1184 3614 1115ἱοί6,
1210 3569 1320 3608 servos
1343 3565 1387 3628 apl

183 3623 340 3676 Gennanos
368 3629 451 3674 tonso
476 3622 571 3691 capite
598 3621 749 3674 distinctos
771 3621 858 3677 fuisse
885 3623 919 3675 ab
945 3623 1098 3700 ingenuis,
1127 3623 1238 3677 Ditbm.
1280 3627 1335 3681 Cf.
1361 3631 1387 3682 Pl

182 3695 341 3768 giesserl,
361 3697 386 3748 1.
407 3723 444 3734 -
478 3693 513 3746 In
532 3696 599 3747 aliis
615 3695 758 3764 gentibus.-
776 3694 808 3746 in
828 3694 892 3748 edd.
912 3694 1004 3749 Rhen.
1024 3701 1050 3750 1.
1068 3699 1094 3754 2.
1114 3701 1140 3752 3.
1180 3697 1226 3750 Sic
1243 3700 1276 3749 in
1300 3703 1387 3762 aliis:

180 3767 252 3820 vitio
272 3782 446 3835 operarum,
476 3765 553 3836 qood
576 3773 673 3820 mnan
700 3766 731 3819 in
756 3782 854 3820 omnes
881 3767 945 3821 edd.
966 3777 1032 3823 ante
1051 3767 1131 3824 Pich.
1152 3768 1284 3822 transiit.
1337 3769 1387 3836 st}

179 3843 245 3892 aliis
263 3857 290 3910 g.
311 3835 385 3890 coni.
408 3838 489 3890 Acid.
508 3865 545 3878 -
562 3839 636 3908 quod
651 3857 729 3909 saepe
748 3839 851 3892 accidit
869 3856 967 3894 omnes
993 3857 1086 3912 paene
1105 3841 1181 3896 MSS.
1208 3847 1237 3894 et
1265 3843 1347 3899 edd.
1386 3837 1387 3906 l

179 3913 240 3965 Vat.
266 3913 343 3966 1518.
370 3918 398 3963 et
421 3909 591 3979 quibusdam
618 3911 681 3964 esld.
706 3929 784 3981 saepe
809 3929 876 3965 casu
902 3913 1055 3980 omissum,
1084 3914 1155 3967 Em.
1174 3921 1203 3968 et
1223 3913 1307 3970 Pace.
1356 3923 1387 3978 111

180 3993 337 4046 tumeam,
358 3999 444 4050 quam
464 3982 532 4050 quia
551 3983 579 4035 ei
599 3985 780 4037 contrarium
800 4001 860 4039 esse
882 3985 1035 4040 ridebatur
1061 4005 1175 4051 rarum,
1201 3987 1287 4055 quod
1318 3993 1387 4052 tam

180 4073 239 4112 non
259 4063 314 4118 est,
332 4053 424 4107 Dittb.
462 4053 571 4108 Eadem
589 4072 645 4109 vox
662 4057 751 4127 paulo
768 4065 835 4126 post
853 4058 1007 4128 repetitur.
1386 4107 1387 4126 ,

249 4132 275 4183 tl.
312 4127 501 4196 apollineum
521 4128 659 4198 usquead
673 4133 804 4182 tortitiam
822 4129 978 4184 horrentem
998 4135 1130 4201 capillatus
1158 4139 1235 4185 retro
1252 4127 1387 4206 sequani

179 4202 318 4266 (secuntur
336 4213 359 4251 c.
374 4199 443 4251 Tur.
461 4199 503 4252 sd.
522 4217 568 4270 pr.
588 4201 689 4277 Pogg.)
707 4219 741 4254 cc
757 4219 836 4272 saepe
855 4208 886 4258 in
905 4209 966 4274 ipso
983 4207 1043 4258 solo
1061 4212 1162 4262 vertice
1180 4208 1302 4277 ltgant3
1331 4203 1387 4284 vei

169 4273 323 4342 ¹explicatu
342 4270 537 4335 difficillima,
558 4271 594 4326 de
616 4289 741 4343 quorum
759 4291 831 4329 vero
849 4293 933 4330 sensu
953 4295 979 4330 v.
1001 4286 1062 4334 not.
1080 4281 1106 4336 2.
1146 4279 1304 4333 Passerius
1331 4301 1387 4362 ex]

171 4345 233 4400 nit:
260 4343 383 4411 „Solent
406 4343 551 4413 capillum
576 4353 696 4420 atergo
715 4347 887 4404 demittere:
916 4347 1052 4422 (proprie
1071 4353 1098 4407 ei
1118 4351 1306 4428 indulgere,
1344 4357 1387 4416 h.3
