2770 4792
177 193 239 261 ert
598 176 849 249 scamonia
871 175 993 245 vrrs.

180 366 296 420 cunque
315 347 364 402 vel
382 344 516 418 peditum
542 343 591 397 vel
619 342 751 414 equitum
777 341 856 412 porti
874 347 1034 412 praeesset,
1064 357 1131 396 eum
1144 327 1315 400 -tatebo,
1338 335 1371 390 rel

180 436 386 496 quemcunque
405 417 608 474 centurionem
627 433 677 470 seu
695 417 883 485 preelectum.

252 515 279 569 7.
317 511 443 564 acerbior
461 511 493 561 in
521 509 672 570 conuiciis,
702 504 751 558 cui
774 504 933 560 verborum
957 502 1243 572 maledictorumque
1266 501 1371 554 emerito«

181 585 246 641 dini
265 583 383 639 obnoxii
404 589 488 647 sunt,
508 594 579 650 quos
598 577 717 632 Aristot.
737 577 807 632 Etb.
827 582 863 644 t,
883 578 910 632 5.
943 575 959 632 d
996 579 1073 640 itone
1090 575 1233 647 appellat,
1262 574 1335 626 irasci
1348 575 1371 623 re

182 659 271 726 ciles,
292 665 391 712 temen
409 662 442 706 ut
459 654 518 706 sint
535 651 710 723 placabiles,
730 651 829 720 quoles
847 651 931 704 fuere
985 649 1094 704 oratius
1118 657 1148 702 et
1172 647 1289 714 Quintus
1309 649 1371 722 belet

181 731 264 796 Cic.;
286 728 363 782 Vird.
382 755 419 768 -
440 725 478 780 Ut
496 733 558 778 emt
575 725 654 778 bonis
673 727 768 786 comis,
786 728 831 776 ito
848 723 976 776 doacus
995 725 1084 776 motos
1107 720 1286 778 iniucundus,
1309 719 1339 772 ct
1354 733 1371 768 ιε

182 804 255 856 Αιιιι.
276 807 312 868 1,
332 805 364 868 7,
383 803 409 856 8.
447 799 500 852 bist
524 815 616 868 paene
641 795 857 866 euphemianus
882 795 1055 849 Homericus
1074 793 1172 864 Odyss.
1191 797 1228 859 9,
1247 796 1303 849 233.
1332 789 1371 844 (bib

205 965 246 1000 u.
314 965 336 1012 s,
412 984 418 996 .
495 982 502 995 .
609 981 616 994 .
656 981 664 1000 .
1186 977 1192 991 .
1249 977 1256 992 .

183 1019 297 1072 llertel.
337 1026 369 1071 ut
387 1021 467 1071 boreis
485 1019 572 1070 comis
591 1023 653 1067 erat
677 1015 721 1068 ed.
742 1013 861 1071 walch.
891 1021 954 1066 orat
972 1012 1112 1067 omissum
1131 1030 1148 1065 a
1166 1010 1258 1065 llben.
1275 1014 1299 1068 2
1316 1005 1371 1066 3-1]

183 1091 234 1145 sed
252 1091 418 1144 restitutum
439 1107 455 1142 ι
473 1089 550 1142 Brut,
571 1088 643 1140 Era.
665 1095 694 1140 et
712 1095 766 1141 cet.
780 1117 816 1128 -
841 1086 971 1140 adsersus
989 1087 1077 1140 malos
1095 1085 1262 1138 iniucundus
1279 1099 1327 1156 pro
1343 1081 1371 1132 ιιι

184 1163 313 1226 cundus,
333 1179 432 1232 asper,
452 1160 560 1226 durus,
580 1159 738 1214 molliendi
756 1177 855 1228 cause,
874 1167 908 1212 ut
926 1159 987 1213 (lic.
1008 1157 1043 1211 ad
1060 1156 1119 1210 Ati.
1140 1161 1174 1224 1,
1192 1159 1238 1212 20.
1258 1152 1371 1210 coniunxi

183 1239 309 1306 asperius
328 1243 410 1306 atque
429 1235 626 1298 iniucundiuor
644 1233 712 1284 Em.
751 1232 795 1302 (li,
822 1231 860 1286 ed
885 1249 910 1286 c.
930 1235 974 1288 11.
996 1249 1025 1284 ιι.
1044 1233 1070 1286 8.
1106 1229 1142 1282 ed
1168 1229 1244 1283 Αιιιι.
1263 1233 1297 1294 6,
1313 1231 1371 1282 iti

183 1307 219 1361 de
238 1307 401 1362 variatione
420 1305 648 1360 constructionis
667 1303 703 1358 ad
721 1304 795 1358 Ann.
817 1310 843 1372 l,
862 1307 890 1369 7,
909 1307 936 1362 8.
955 1333 992 1346 ·-
1013 1321 1044 1356 er
1062 1303 1211 1357 iracundia
1230 1301 1305 1356 nibil
1315 1315 1371 1368 rupo

184 1388 258 1442 ercet,
287 1380 347 1434 sius
376 1395 435 1433 non
460 1379 587 1450 sinplius
605 1393 719 1432 memor
737 1385 813 1444 eret,
843 1393 938 1446 neque
957 1394 1019 1432 cem
1038 1375 1254 1430 simultatomve
1272 1371 1372 1446 prodebs

183 1452 276 1506 tectis.
315 1452 358 1506 of.
387 1451 423 1504 ad
450 1449 526 1504 lun.
555 1457 588 1518 l,
614 1453 651 1516 7,
670 1454 695 1507 9.
735 1451 946 1520 simplicissimi
972 1453 1096 1502 omnim
1120 1447 1258 1502 babentia·
1281 1454 1372 1500 irarum

184 1523 249 1578 Seu.
270 1525 306 1578 de
326 1524 371 1577 ira
388 1526 426 1588 2,
445 1528 498 1589 163
518 1521 592 1578 Picis.
612 1552 649 1564 -
678 1523 818 1582 &aetum
837 1533 865 1578 et
881 1525 1024 1577 silentium
1043 1526 1099 1575 ciue
1116 1541 1173 1576 noa
1191 1526 1317 1576 timeret:
1334 1531 1372 1568 ott

108 1665 110 1668 Ι
183 1597 277 1652 trerie
296 1596 331 1650 de
349 1596 516 1650 Domitiano
536 1615 563 1650 r.
585 1613 647 1666 cup.
662 1600 708 1654 39.
729 1603 758 1652 et
776 1597 852 1649 elin.
872 1613 939 1666 pen.
959 1597 998 1652 18
1015 1601 1106 1659 extr,
1126 1593 1200 1648 rrct.
1237 1589 1372 1648 'timendis

184 1677 227 1722 est
245 1675 390 1723 secretum
409 1677 438 1723 et
455 1669 606 1723 silentium
626 1685 744 1735 eorum,
777 1685 903 1738 quorum
929 1667 990 1722 irae
1016 1667 1092 1720 altre
1115 1683 1278 1742 gravesque
1297 1671 1372 1718 sunt<

184 1741 327 1795 introrsus
346 1758 462 1808 versae,
492 1759 564 1812 quos
583 1743 694 1816 πικρούς
713 1747 759 1796 καὶ
777 1737 970 1806 δυςδιαλύτους
987 1747 1106 1810 usurpet
1124 1739 1297 1793 Aristoteles
1314 1744 1338 1789 et
1354 1732 1372 1784 di

184 1814 306 1866 scribit:
326 1815 426 1884 qualos
444 1813 576 1868 Tiberius
597 1823 626 1866 et
645 1815 845 1880 Domitianus,
867 1815 942 1868 Vird
981 1813 1024 1868 De
1050 1812 1169 1865 Tiberio
1194 1819 1335 1866 secretum
1355 1823 1372 1875 p

183 1892 263 1940 tento
287 1885 387 1955 ibique
412 1887 474 1940 irse
499 1895 529 1942 et
551 1886 618 1941 odio
641 1887 691 1940 diu
720 1887 880 1940 reconditis
903 1887 1075 1962 indulgente
1102 1903 1130 1938 v.
1150 1883 1218 1938 Tac.
1238 1882 1310 1938 Ι11ιιιι
1330 1885 1357 1942 l,

182 1961 209 2013 7-
230 1965 303 2012 extr·
322 1960 366 2015 53.
386 1961 431 2016 89.
450 1963 484 2024 l,
505 1963 530 2014 1.
550 1962 596 2015 21.
615 1960 660 2015 29.
698 1959 811 2014 similis
830 1961 857 2014 ei
876 1959 1060 2013 Domitianus
1086 1965 1188 2010 secreto
1216 1977 1266 2012 ouo
1290 1957 1372 2008 sotim

184 2030 236 2082 inf.
257 2047 318 2100 cap.
338 2035 382 2087 89.
403 2031 452 2082 ubi
470 2049 498 2084 v.
519 2039 578 2085 not.
597 2035 624 2086 1.
660 2040 809 2093 secretum,
834 2041 867 2086 ut
890 2035 1035 2086 silentium
1054 2034 1112 2084 sius
1138 2047 1162 2082 c.
1183 2030 1246 2082 Vnt.
1267 2031 1372 2086 3th

184 2101 271 2155 Beck.
291 2103 373 2156 llert.
395 2103 508 2157 Peerlk
528 2133 565 2146 -
582 2123 640 2158 aon
658 2109 790 2168 timeres,
812 2122 845 2158 ea
863 2122 923 2159 non
942 2103 1073 2159 timendi
1092 2110 1184 2156 erunt.
1211 2102 1256 2156 Gt.
1276 2101 1311 2154 sd
1328 2099 1359 2151 Η.

182 2177 234 2240 82,
254 2177 337 2230 2.-
366 2174 509 2230 tonatim
531 2179 652 2247 putabat
678 2174 813 2246 offendere
831 2197 914 2251 quoin
933 2178 1037 2237 odisee,
1064 2193 1092 2229 v.
1113 2175 1177 2230 lud.
1198 2175 1253 2228 111.
1280 2191 1309 2227 v.
1330 2171 1372 2224 Vc

183 2248 307 2303 obeolm
324 2251 426 2316 posito

632 2431 827 2488 CAPUT
863 2431 968 2487 xxm.

267 2539 395 2622 Quarta
415 2547 521 2604 aestas
542 2541 751 2624 obtinendis,
787 2563 872 2630 quae
892 2551 1130 2628 percurrerat,
1155 2541 1373 2632 insumpta‚j

183 2626 212 2686 si
233 2625 343 2690 virtus
373 2627 580 2688 exercituum
608 2635 642 2690 et
661 2628 802 2696 Romani
823 2630 967 2690 nominis
1020 2629 1106 2690 toria
1132 2631 1330 2710 pateretur,
1364 2639 1373 2706 ι

182 2715 303 2772 ventus
325 2709 360 2772 in
381 2709 455 2794 ipsa
475 2707 650 2774 Britannia
669 2715 844 2776 terminus.
889 2710 977 2774 Nam
996 2649 1090 2774 dlcta
1110 2717 1144 2772 et
1163 2707 1346 2784 Bodotria,
1365 2717 1373 2762 ι

181 2795 273 2854 versi
294 2793 396 2853 maris
417 2794 562 2856 aestibus
583 2815 646 2877 per
667 2798 864 2862 immensum
886 2803 1059 2874 revectae,
1081 2801 1221 2881 angusto
1244 2799 1373 2854 terrare

181 2877 290 2956 spatio
323 2873 540 2940 dirimuntur.
596 2876 695 2958 Quod
735 2887 807 2942 tum
843 2877 1020 2962 praesidiis
1058 2877 1279 2950 fimnbaturs
1321 2879 1373 2950 atq

181 2960 291 3102 pmntfl
310 2959 451 3102 prqpior
471 2960 565 3021 sinus
586 2963 781 3042 tenebatur,
816 2963 990 3025 summotis
1019 2961 1113 3026 velut
1138 2962 1174 3022 in
1204 2960 1311 3022 eliam
1331 2956 1373 3015 int

194 3061 248 3102 am
292 3043 356 3101 usti
380 3063 429 3102 us.

255 3163 279 3212 1.
320 3159 430 3227 Quarto
448 3167 540 3212 aestas
559 3177 584 3212 e.
604 3161 638 3214 U.
660 3177 685 3214 c.
704 3163 767 3218 831.
786 3179 816 3232 p.
838 3159 907 3215 chr.
928 3178 955 3214 ιι.
975 3163 1020 3217 81.
1050 3160 1230 3221 obtinendis,
1266 3171 1373 3232 quael

182 3239 322 3298 currerat,
346 3235 507 3300 insumpto:
539 3231 698 3307 Agricola,
729 3251 802 3304 quae
820 3242 1006 3304 percurreret,
1036 3233 1130 3290 celeri
1148 3231 1280 3304 quodam
1301 3229 1373 3280 vira

183 3319 216 3354 ac
238 3303 377 3358 victoriae
398 3320 485 3357 cursu
504 3303 631 3372 obierat,
652 3305 817 3381 subegerat,
837 3313 1006 3383 occuparat,
1026 3309 1169 3368 obtinuit,
1197 3305 1232 3358 in
1255 3304 1299 3356 iis
1318 3309 1373 3356 ten*

184 3373 228 3426 dis
247 3376 459 3446 perseveravit,
495 3377 574 3446 quod
593 3377 674 3432 Galli
692 3379 795 3432 dicunt
812 3383 982 3441 maiatem'r,
1020 3379 1192 3450 providere,
1231 3394 1274 3430 ne
1305 3393 1361 3444 qua

183 3450 389 3517 possessionem
410 3447 619 3520 interrumpet,
646 3459 689 3514 ct,
716 3451 740 3504 si
760 3469 817 3522 qua
835 3459 981 3518 tentetur,
1008 3469 1071 3506 eum
1089 3451 1208 3504 fortiter
1225 3447 1373 3502 feliciter-t

184 3521 346 3590 repellero,
368 3521 452 3578 Gron.
490 3521 596 3576 Recte:
616 3523 666 3577 sed
685 3523 759 3576 Anu.
780 3525 832 3589 15,
851 3527 878 3579 8.
912 3525 1111 3594 percursando,
1130 3541 1199 3596 quoe
1217 3524 1352 3576 obtineri
1370 3538 1373 3572 ι

180 3601 316 3662 poterant
333 3595 363 3648 lo
408 3594 500 3648 ealio
519 3613 603 3648 sensu
622 3595 750 3660 dictum,
773 3595 878 3650 Wolcls.
916 3597 960 3651 Gi.
980 3597 1073 3652 Grou.
1094 3597 1130 3650 ad
1149 3595 1212 3648 liv.
1235 3599 1276 3662 3,
1299 3599 1346 3651 36.

183 3668 308 3722 tinentiis
325 3684 362 3720 sc.
405 3667 525 3720 nuendo
543 3668 712 3738 praesidiis,
731 3676 764 3722 ut
782 3685 850 3722 mcx
869 3667 995 3736 dicitur,
1014 3669 1094 3726 lirct.
1127 3675 1320 3740 percurrerat
1339 3674 1373 3718 ta

184 3745 213 3790 et
232 3747 312 3794 recte
331 3739 460 3809 reposuit
479 3738 570 3794 llben.
601 3749 798 3810 praecurrerat
816 3740 880 3795 edd.
900 3749 958 3796 vet.
978 3750 1044 3796 ente
1064 3739 1191 3798 Rhana
1210 3757 1280 3794 non
1301 3741 1373 3808 impr

183 3809 256 3866 Ern.
277 3841 309 3853 -
341 3817 369 3866 si
387 3817 477 3866 virtus
494 3841 530 3852 -
547 3821 707 3880 pateretur,
734 3831 774 3868 sc.
795 3813 927 3870 inveniri
944 3816 1123 3882 terminum,
1153 3815 1296 3868 irrotatur
1316 3811 1373 3864 suis

183 3883 225 3936 cf.
246 3883 308 3937 lnd.
330 3885 381 3946 111.
401 3901 428 3936 v.
449 3885 587 3956 syllepsis.

253 3977 280 4030 2.
320 3975 400 4028 Cloio
425 3983 452 4028 et
478 3975 625 4037 Bodotria,
655 3975 729 4030 Ptol.
748 3978 775 4031 2.
799 3980 827 4032 3.
856 3973 955 4033 Kioiso
981 3978 1097 4042 ιῖςχυσις
1121 3981 1152 4027 et
1178 3973 1329 4048 Βοδόρια,
1363 3971 1373 4023 l

180 4043 266 4098 F'ritb
283 4045 319 4116 of
333 4048 411 4116 clyde
437 4054 465 4106 et
482 4047 568 4102 Fritb
591 4046 627 4116 of
639 4047 746 4110 Fortb,
779 4049 937 4114 sesmaria,
965 4048 1106 4118 dirempta
1129 4054 1258 4118 ongum
1285 4056 1373 4102 terren

180 4124 275 4185 spatio
295 4120 419 4176 milliar.
439 4119 526 4194 Angl.
546 4121 603 4174 XX.
631 4119 699 4191 (per
725 4121 804 4190 quod
827 4121 940 4176 Lollius
963 4121 1090 4176 Urbicus
1108 4135 1229 4174 murum
1252 4139 1278 4173 s.
1303 4121 1370 4174 vall

181 4191 318 4248 Graboms
335 4192 433 4250 Diels.
466 4193 548 4246 cuius
575 4193 662 4248 etiam
691 4211 770 4256 nunc
793 4195 919 4270 vestigio
938 4201 1061 4262 restent,
1094 4191 1163 4248 inde
1182 4189 1217 4244 ab
1240 4192 1373 4246 Altkirl

178 4263 258 4317 trick
283 4265 319 4318 ad
341 4264 620 4334 Newkirkpatrick,
655 4264 874 4333 llirclsnithilo,
907 4267 1048 4320 Felkirck
1073 4272 1102 4320 at
1126 4263 1363 4333 Caervyrdbsn

176 4333 327 4392 Abercorn
347 4335 442 4404 duxit)
472 4345 501 4390 et
527 4337 594 4394 inde
613 4339 647 4394 ab
666 4357 690 4394 a.
712 4341 792 4398 1768.
813 4339 910 4394 canali
930 4340 1037 4393 iuncte.
1077 4338 1120 4396 Cf.
1150 4335 1186 4392 ed
1214 4352 1246 4390 c.
1274 4346 1325 4395 10.
1358 4359 1373 4392 ιι
