2770 4792
415 197 557 264 CAPUT
577 201 669 269 XIV.
693 203 770 270 XV.
876 257 880 264 .
912 300 921 315 1
1147 203 1210 282 219

40 365 101 422 lien.
116 365 429 424 mecaenatem.
467 367 631 438 Cogidunm
649 370 711 424 Vat.
731 374 812 429 4493.
846 376 967 449 (lagidae
985 382 1045 434 eus.
1066 385 1093 438 s.
1128 382 1209 453 Cogi·

39 442 107 494 buno
120 444 170 498 t'at.
189 445 266 500 3429.
293 439 336 493 sd.
363 439 414 492 Dr.
443 438 529 494 Beck.
557 442 637 495 Hert.
657 443 769 498 Pesrlk.
789 473 826 486 -
853 459 941 504 uetere
963 471 996 504 ac
1020 457 1078 506 iam
1098 455 1208 523 pridem

37 525 175 583 Mula-ei
190 533 281 585 reget»
300 531 328 564 v.
348 511 383 564 ad
402 512 474 564 Ann.
494 515 532 578 2,
552 518 582 580 3,
602 517 628 570 2.
666 524 699 567 ui
721 527 808 572 uetere
831 539 865 574 aa
884 526 1065 594 iampridem
1085 546 1107 578 r.
1124 547 1153 598 p.
1173 530 1206 580 R.

37 605 84 640 nne.
99 587 190 642 baberet
207 592 288 641 inatr.
309 604 330 638 s.
351 593 377 636 et
399 587 475 654 regis
497 585 560 637 Vat.
580 587 660 642 3429.
689 589 751 643 Put.
780 599 854 660 tres,
888 595 951 649 niv.
981 597 1044 652 Ber.
1070 597 1160 652 Rhen.
1181 606 1205 656 1.

37 675 84 726 quae
98 663 169 715 tacite
187 669 213 714 et
231 667 311 712 recte
331 656 481 710 emendate
499 665 565 710 sunt
584 676 600 711 a
618 657 708 714 Rhea.
737 669 764 716 et
791 681 946 736 perperam
971 673 1102 724 restituta
1121 691 1136 723 a
1155 674 1205 726 Dr,

35 731 92 784 tet.
108 735 177 787 Hert.
196 742 222 788 et
241 730 354 806 Peerlk.
374 737 496 800 excepto
516 734 601 802 regis,
619 733 668 784 cui
688 735 859 792 substituere
873 757 957 812 reges.
1000 743 1207 799 Coniunctioni

35 805 161 860 utiliter.
179 807 258 860 (latus
277 811 319 858 est
339 803 438 868 locus,
458 819 548 870 quem·
564 812 593 856 et
611 805 754 880 elegantia
773 817 803 861 et
819 829 916 866 sensus
934 817 1078 884 pustulats
1101 817 1206 872 Walcb.

35 877 207 934 inhumanius
224 879 336 932 baberet
354 875 539 928 referendum
557 875 592 928 ad
606 897 670 948 pop.
691 881 788 942 Rom,
821 901 877 938 non
905 887 941 939 ad
963 887 1123 948 Ostorium,
1158 909 1207 944 ne-

58 951 157 1006 sintell.
175 953 226 1006 bic.
1195 993 1198 1000 .

34 967 58 1018 [ll
78 1031 97 1080 3.
127 1027 156 1080 A.
173 1027 275 1078 Didius
295 1023 409 1081 Gallus,
430 1037 457 1072 v.
477 1020 512 1072 ad
530 1021 602 1073 Ann.
624 1026 674 1088 12,
694 1028 747 1092 40,
768 1031 792 1080 1.
813 1035 842 1080 at
860 1033 909 1098 14,
928 1036 972 1089 29,
993 1063 1030 1074 ..
1043 1044 1143 1105 Pam,
1161 1055 1208 1090 ex,

33 1105 131 1170 pugnata,
157 1118 174 1152 a
188 1097 330 1168 prioribus
348 1093 473 1168 Legatis.
492 1121 529 1132 —
561 1098 682 1149 castellis
702 1101 733 1151 in
751 1101 888 1154 ulteriora
906 1104 969 1158 loca
986 1113 1146 1177 promotis,·
1177 1128 1205 1164 v.

32 1167 54 1218 a
66 1170 119 1223 lan.
137 1176 166 1237 1,
182 1175 237 1235 56,
257 1173 283 1224 1.
304 1175 332 1222 et
350 1172 384 1234 4,
403 1169 448 1224 34.
468 1194 504 1204 -
523 1165 609 1235 sarna
627 1174 707 1222 aucti
723 1166 831 1238 officii,
851 1177 929 1244 quod
946 1179 1013 1248 plus
1033 1183 1138 1236 ceteris
1156 1182 1207 1235 du·

33 1239 83 1294 citas
103 1244 297 1313 praestitissets
324 1239 393 1293 Brn·
431 1237 568 1308 sossius,
587 1247 621 1292 ut
638 1259 682 1312 ap.
704 1243 781 1296 Gaas.
802 1245 828 1297 b.
849 1249 903 1301 civ.
923 1255 960 1314 3,
980 1254 1005 1308 5,
1040 1259 1097 1308 ton·
1114 1263 1206 1310 samm

31 1311 91 1380 sijau
103 1322 239 1371 mas-itimo
256 1315 371 1368 Bibulus
389 1317 564 1382 praepositus
583 1320 612 1366 et
630 1314 696 1391 Dig.
717 1315 751 1370 tle
771 1317 820 1370 off.
840 1337 921 1390 proc.
940 1325 967 1376 4.
1002 1329 1030 1378 si
1053 1328 1122 1398 quid
1144 1347 1208 1382 uxo-

31 1402 154 1452 manase,
198 1395 229 1443 ui
253 1388 292 1440 ad
313 1386 409 1456 officia
429 1386 662 1456 proficiscuntur,
693 1389 872 1460 deliquerunt.
917 1393 960 1448 Gi.
984 1397 1046 1451 ind.
1077 1399 1153 1453 Suet.
1178 1407 1207 1453 et

30 1457 133 1514 fomur
191 1461 260 1516 aicit.
279 1489 316 1500 —
350 1460 468 1512 Didium
497 1458 527 1525 Q.
554 1458 689 1514 Veranius
713 1468 818 1534 excepit
843 1483 868 1520 a.
896 1467 929 1520 U.
955 1471 1016 1524 811,
1050 1491 1077 1524 v.
1099 1473 1204 1526 lnd,1,

30 1529 177 1608 Strategionm
196 1536 244 1588 illi
262 1533 411 1602 inscripsit
429 1531 611 1597 Onosander5
630 1533 707 1586 Brot.

75 1611 93 1660 t
123 1609 264 1662 Suetonius
291 1606 426 1659 Paulinus
444 1611 498 1657 oet.
532 1621 559 1656 v.
588 1605 650 1659 lna.
671 1607 694 1659 1.
733 1606 866 1663 Paulinus
894 1612 956 1664 Vat.
977 1617 1058 1670 3429.
1086 1622 1115 1667 et
1141 1614 1204 1668 edd.

28 1685 63 1728 nt
80 1680 206 1735 Pauliinus
224 1679 289 1734 edd.
309 1677 387 1748 Lips.
408 1685 437 1730 et
454 1693 514 1730 rec.
534 1683 647 1730 tantum
667 1696 726 1732 non
745 1697 851 1734 omnes.
872 1711 905 1724 -
940 1687 1059 1739 subactis
1083 1691 1208 1740 nationi.

28 1749 86 1820 lats.
97 1773 135 1823 pr.
158 1770 210 1824 pro
237 1751 398 1824 subigendis
418 1757 477 1804 nai.
497 1749 545 1802 vel
564 1751 713 1822 subigendo
732 1759 859 1808 nationes
878 1763 932 1810 cet.
967 1778 994 1812 v.
1020 1759 1056 1811 ad
1082 1761 1157 1812 Ann.
1177 1763 1206 1826 4,

26 1827 57 1886 ll,
72 1830 91 1880 1.
106 1835 130 1880 st
145 1825 205 1880 inti.
223 1825 281 1880 111.
301 1845 329 1878 v.
350 1825 507 1894 participia
527 1821 599 1892 Pers.
620 1823 693 1880 Pasa.
714 1836 768 1881 cet.
788 1855 824 1868 —-
845 1828 972 1898 firmatis
989 1833 1157 1901 praesidiis,
1177 1852 1204 1886 u.

26 1895 48 1946 ad
61 1897 119 1950 ban.
135 1901 168 1966 2,
186 1901 239 1965 67,
260 1903 284 1952 1.
303 1927 339 1938 -
356 1897 469 1950 Monam
488 1899 628 1959 insulam,
646 1917 674 1960 v.
695 1899 731 1952 ad
750 1901 825 1953 Anu.
846 1905 894 1970 14,
912 1905 957 1959 29.
977 1933 1013 1946 -
1037 1911 1107 1960 vires
1126 1905 1207 1959 rebel·

26 1969 74 2023 liin
87 1977 285 2026 niniati-anton
305 1989 340 2025 ex
358 1971 469 2024 sinenti.
490 1967 580 2023 Bhen.
615 1973 690 2026 uiros
717 1973 879 2031 Vasates.
910 1984 938 2028 et
965 1977 1029 2031 edd.
1056 1987 1114 2032 vet.
1140 1987 1205 2033 ante

25 2038 124 2102 Rheni.
158 2047 213 2112 „ln
231 2043 287 2096 hac
306 2045 462 2098 verbannn
481 2051 626 2096 stmctura
645 2053 725 2099 recte
746 2045 854 2098 dicitur
877 2049 966 2112 vires,
998 2059 1031 2104 ut
1055 2069 1079 2106 c.
1099 2055 1142 2108 38.
1167 2053 1204 2105 H.

24 2113 196 2184 2.st.57.'3‚
215 2121 242 2174 2.
263 2117 294 2169 in
312 2118 369 2170 alia
392 2122 484 2177 airas,
520 2124 553 2168 ut
581 2116 654 2169 Ann.
680 2121 731 2184 12,
759 2123 803 2178 37.
838 2119 874 2172 H.
900 2125 932 2188 4,
957 2126 1001 2178 12.
1031 2126 1075 2180 58.
1101 2127 1135 2192 5,
1160 2127 1203 2179 25.

25 2185 108 2244 (1443
142 2191 245 2244 Waicb.
284 2189 327 2244 Cf.
357 2189 394 2242 ad
417 2190 492 2242 nnn.
514 2193 617 2256 11,9,
637 2195 662 2244 1.
707 2191 788 2245 Viros
815 2193 944 2262 praefert
967 2197 1103 2264 Dronke,
1138 2197 1207 2266 quia

25 2259 81 2314 llam
97 2267 186 2318 incolis
203 2263 297 2316 aalide
320 2263 429 2315 dicitnr
449 2262 522 2315 Ann.
543 2266 593 2326 14,
611 2263 656 2319 29.
687 2272 716 2317 et
740 2271 813 2318 vires
837 2265 922 2320 Beck.
947 2271 1015 2338 qnia
1038 2277 1208 2340 receptacu-

25 2331 154 2391 innituerit
176 2337 365 2409 perfugarum
389 2335 527 2403 sedesque
554 2333 753 2403 Druidarum,
780 2337 817 2406 (v.
839 2337 911 2392 Ann.
932 2345 982 2407 14,
1000 2345 1060 2409 30.)
1087 2360 1207 2410 eamque

23 2403 45 2454 ab
59 2425 151 2464 cauum
170 2409 323 2464 Suetonius
343 2426 403 2461 eam
423 2425 574 2482 aggressus
594 2407 637 2460 sit.
676 2409 753 2463 Haec
775 2427 833 2462 non
852 2414 947 2464 minus
967 2415 1112 2466 mirabilia
1127 2414 1206 2465 dictu

26 2493 83 2542 {um
99 2483 152 2536 illa.
170 2513 206 2522 -
237 2489 319 2552 terga
346 2485 483 2533 occasioni
506 2479 653 2550 patefecit,
681 2481 794 2549 effecit,
820 2490 853 2534 ut
879 2485 935 2536 sibi
959 2503 975 2538 a
999 2494 1083 2561 tergo
1108 2487 1207 2540 noceri

23 2563 105 2618 μκεείς
122 2556 185 2611 Em.
224 2553 337 2606 victam
356 2553 522 2606 Britanniae
540 2561 669 2622 partem,
691 2571 778 2622 quam
797 2573 814 2608 a
832 2562 915 2630 tergo
936 2557 1111 2626 reliquerat,
1131 2559 1208 2610 subi-

22 2621 45 2670 ῐίΑ
64 2629 156 2684 casibus
180 2627 308 2683 obiecit:
343 2643 430 2694 quam
456 2630 625 2680 occasionem
651 2627 728 2680 Gall.
759 2629 788 2680 Ia
811 2632 938 2698 surprise
963 2630 1102 2696 dicimus,
1132 2631 1206 2682 Brot.

21 2689 561 2768 statn1,st‚'1.es.so.n.r.

444 2883 637 2938 CAPUT
682 2883 739 2937 XV.

75 3008 218 3096 Namque
238 3015 385 3078 absentis
406 3014 523 3100 Legati
545 3021 672 3077 remoto
693 3021 800 3088 metti,
838 3013 992 3076 Britanni
1057 3017 1139 3076 'tare
1160 3015 1210 3074 in-

18 3097 52 3150 ltr
67 3114 98 3155 se
115 3099 197 3158 mala
217 3101 412 3178 servitutis,
435 3102 587 3162 conterre
607 3097 757 3160 iniuriae,
771 3107 805 3160 et
824 3098 1032 3181 interpretati
1056 3117 1076 3160 o
1097 3117 1211 3160 accen-

17 3169 87 3236 dere:
116 3182 198 3240 nibil
218 3181 336 3264 profici
355 3183 538 3262 patientia,
579 3182 703 3242 nisius
732 3183 891 3260 graviora
923 3196 1080 3261 tanquam
1094 3199 1142 3242 ‘ex
1151 3180 1211 3264 sa-

16 3258 53 3315 cili
78 3263 289 3326 tolerantibus
323 3267 536 3344 imperentur.
589 3265 742 3346 Singulos
771 3264 833 3325 sibi
863 3267 941 3326 olim
971 3285 1063 3344 reges
1086 3263 1209 3348 fuisse,

17 3357 79 3403 nunc
97 3346 186 3409 binos
207 3349 348 3426 imponi,
370 3369 387 3408 e
409 3349 525 3427 quibus
545 3347 692 3426 Legatus
713 3350 748 3408 in
769 3349 980 3428 sanguinem,
1014 3348 1212 3408 Procurator

17 3423 128 3489 inbono
146 3433 299 3496 saeuiret.
348 3433 462 3511 Aeque
482 3432 679 3493 discordiam
700 3431 978 3510 praepositorum,
1016 3449 1117 3508 aeque
1137 3451 1211 3490 con-

15 3511 128 3572 cordiam
147 3515 301 3577 subiectis
323 3517 503 3578 exitiosam.
558 3516 707 3576 Alterius
728 3533 864 3588 manus,
900 3516 1104 3575 centuriones
1134 3517 1211 3574 alte-

16 3593 63 3652 rius
80 3597 143 3657 aim
162 3611 195 3660 et
217 3601 431 3660 contumelias
453 3599 596 3660 miscere.
638 3599 736 3660 Nihil
758 3599 825 3658 iam
846 3597 1036 3676 cupiditati,
1066 3597 1151 3656 nibil
1172 3599 1208 3657 li-

14 3669 92 3738 ltdt'ni
111 3695 292 3761 exceptum.
345 3683 387 3744 Iu
415 3683 538 3759 proelio
566 3682 742 3764 fortiorem
763 3701 845 3754 esse,
877 3684 934 3760 qui
953 3681 1089 3760 spoliet:
1123 3701 1211 3740 nunc

13 3757 175 3840 *lignariis
195 3767 389 3844 plerumque
410 3779 442 3827 et
470 3765 655 3828 imbellibus
682 3766 766 3844 eripi
795 3766 921 3843 domos,
960 3764 1108 3826 abstrahi
1135 3765 1210 3825 libe-

15 3855 61 3920 ns,
80 3847 207 3930 iniungi
228 3850 394 3928 delectus,
422 3862 580 3927 tanquam
601 3850 684 3909 mori
705 3861 836 3908 tantum
856 3869 916 3928 pro
937 3849 1049 3924 patria
1071 3849 1211 3912 nescien-
1237 3871 1239 3878 ¹

13 3925 82 3988 ibus.
121 3931 294 4008 Quantum
316 3933 405 3993 enim
427 3933 582 3995 transisse
604 3933 765 4010 militum,
787 3933 816 3993 si
837 3951 903 3993 sese
924 3931 1078 3992 Britanni
1099 3950 1212 3991 nume-

14 4015 87 4070 rent?
124 4017 177 4078 Sic
198 4016 397 4078 Germanias
418 4017 591 4080 excussisse
613 4017 745 4096 iugum,
768 4028 800 4075 et
811 4013 974 4098 flumine,
996 4037 1061 4076 non
1084 4015 1212 4075 Oceano

13 4089 121 4172 nsandi
176 4101 248 4162 Sibi
275 4101 439 4179 patriam,
474 4101 646 4178 coniuges,
684 4112 855 4178 parentes,
895 4101 960 4161 iliis
982 4099 1159 4161 avaritiam
1181 4111 1211 4156 et

13 4171 150 4243 luzariam
172 4203 289 4246 causas
312 4184 390 4244 belli
411 4202 486 4246 esse.
529 4183 743 4262 Recessuros,
767 4197 803 4244 ut
824 4181 870 4245 D.
892 4181 998 4244 Iulius
1020 4183 1208 4257 recessisset,

12 4263 79 4322 nodo
95 4268 236 4328 virtutes
258 4267 423 4328 maiorum
443 4287 578 4328 suorum
599 4269 859 4344 aemularentur,
882 4287 962 4328 neue
982 4265 1099 4340 proelii
1114 4265 1210 4326 nnius

13 4351 203 4426 winiterius
230 4363 352 4411 euentu
382 4364 599 4428 pavescerent.
654 4349 732 4412 Plus
755 4351 915 4430 impetus,
955 4349 1110 4408 maiorem
1139 4368 1210 4408 con-
