2792 4792
192 196 252 258 116
545 133 720 256 LlliELlsl
749 193 807 256 DE
829 191 1064 256 GERMANIA

194 359 244 414 Sic
263 373 333 412 vero
353 373 412 410 non
430 358 527 428 aptior
552 365 595 412 est
623 357 697 412 ratio
717 357 912 412 adiectam
931 375 965 411 ne
983 360 1013 410 ias
1030 375 1058 424 p.
1075 345 1103 426 ’φ
1125 375 1147 410 a.
1167 373 1202 408 m.
1222 373 1257 408 m.
1292 353 1339 444 Qui
1354 367 1381 404 no

194 431 246 484 dus
265 431 413 494 solvetur,
449 430 475 483 si
499 445 554 500 pro
580 431 749 500 importuno
769 448 837 486 αααι
855 429 1039 484 substitueris
1057 446 1221 501 quanquam.
1258 427 1300 480 Ex
1315 439 1381 494 comp

194 503 281 558 scrib.
300 503 364 574 qim
383 503 458 556 oriri
476 503 573 573 potuit
591 521 665 556 nem.

267 579 310 630 10.
347 593 413 628 nam
437 594 470 628 ne
495 579 525 628 in
549 593 617 644 pace
645 575 752 647 quidem
777 578 853 629 voltu
871 580 983 628 mitiore
1000 581 1207 633 mansuescunt,
1241 569 1381 642 probabilis

195 650 316 702 fortasse
335 652 365 702 in
385 650 489 700 sutum
507 651 646 702 mitiorem
663 657 870 712 mansuescente
888 648 956 702 Erre.
995 649 1058 700 Alii
1070 647 1187 700 malunt
1199 647 1289 698 ααὶιαί
1301 645 1381 694 moise

195 721 227 776 Si
245 737 314 774 vera
332 729 376 773 est
395 720 482 774 lectio
496 720 624 794 rnlgeta,
642 723 720 774 vultu
738 738 774 772 m.
793 739 829 774 m.
850 721 1031 777 Graecorum
1050 737 1132 775 more
1152 719 1263 772 dictum
1279 724 1317 770 est
1329 727 1381 783 pree

195 793 359 864 sumptione
377 792 422 846 rei
441 793 584 862 posterius
605 793 827 862 exprimendae,
849 793 921 848 Pasa.
951 813 967 847 a
995 809 1052 862 quo
1080 792 1235 845 laudantur
1260 789 1381 842 Hermam

195 865 231 920 ad
248 865 353 935 Eurip.
374 864 475 936 Suppl.
497 869 574 921 1⁰3⁰.
607 865 745 920 Schseier
768 865 804 920 ad
829 867 954 940 Gregor.
980 865 1046 919 Gor.
1071 883 1099 935 p.
1119 867 1181 920 533.
1215 870 1244 916 et
1268 860 1302 914 ad
1325 853 1381 926 Sopl

195 937 262 990 Oed.
282 937 352 1007 Tyr.
372 938 416 992 57.
436 937 567 994 lsobeck.
581 938 616 990 ad
635 937 722 1008 Soph.
745 938 788 992 ti.
808 956 836 1008 p.
856 941 917 995 299.
939 938 1047 991 etalii.
1086 939 1136 992 sie
1155 943 1185 990 et
1203 933 1341 990 Giinther,
1359 945 1381 982 cu

196 1010 241 1064 ius
259 1017 327 1062 uota
347 1017 404 1063 est:
439 1011 563 1074 „Lectio
587 1029 657 1064 sena
685 1019 713 1064 et
742 1028 777 1066 ex
795 1011 1010 1081 anticipatione
1028 1009 1167 1064 dictionis
1186 1001 1381 1076 interpretante

195 1100 262 1134 nam
281 1099 318 1136 ne
338 1081 368 1134 in
386 1099 457 1152 pace
477 1083 595 1152 quidem
614 1083 772 1136 mitescunt
791 1083 846 1150 ite,
881 1091 914 1134 ut
942 1084 1058 1136 vultum
1076 1083 1223 1136 mitiorem
1242 1095 1311 1148 prae
1328 1073 1381 1127 seit

195 1161 270 1208 rant.
316 1153 371 1220 Qui
396 1155 453 1207 alia
480 1161 600 1224 quserat
623 1155 774 1225 exempla,
800 1157 917 1208 evolvet
943 1157 1070 1225 poetas.''
1112 1157 1187 1208 cultu
1216 1157 1324 1205 mittere
1355 1143 1381 1198 tlt

195 1225 304 1280 Amnd.
326 1226 370 1280 ed.
389 1228 451 1280 Par.
471 1235 501 1280 et
519 1228 599 1282 Vien.
621 1227 697 1297 quod
716 1229 816 1282 arrisit
836 1229 972 1294 Heinsio,
992 1227 1072 1280 l’ich.
1094 1235 1123 1281 et
1140 1228 1213 1280 Pass.
1251 1222 1308 1278 Sed
1322 1233 1381 1301 seru

194 1299 231 1352 de
249 1299 351 1352 habitu
374 1301 450 1366 oris,
482 1301 559 1368 quod
586 1299 760 1354 efferebatur
784 1300 980 1354 submittenda
1010 1299 1111 1366 barba,
1148 1305 1178 1352 et
1199 1301 1300 1351 mitior
1323 1299 1381 1375 eptu

195 1371 316 1425 verbum
333 1374 439 1433 ααὶιαί,
459 1387 546 1440 quam
566 1375 669 1435 cultui,-
692 1372 762 1426 Ere.
801 1373 895 1427 Cultus
916 1371 1067 1438 mundior,
1095 1371 1217 1436 tersior,
1245 1371 1381 1442 elegantio

196 1444 346 1510 ornatior,
366 1444 460 1496 minus
479 1445 626 1514 squalidus
645 1453 731 1513 atque
750 1445 905 1511 horridus,
925 1445 1089 1507 esnoenior,
1117 1443 1238 1498 snollior
1257 1442 1339 1496 etism
1356 1453 1381 1488 es

195 1525 305 1586 potest,
325 1516 376 1568 rix
393 1520 503 1577 mitior,
522 1517 601 1586 quod
617 1517 652 1570 ad
670 1517 761 1570 animi
780 1535 894 1571 sensum
913 1517 942 1570 iu
963 1520 1041 1571 vultu
1059 1517 1223 1570 elucentem
1245 1512 1333 1588 megia
1349 1521 1381 1578 pet

195 1590 287 1653 tinet3
310 1588 392 1642 Orell.
429 1589 486 1644 Sed
504 1589 644 1643 similiter
662 1589 738 1642 dixit
757 1590 816 1644 cio.
838 1591 886 1644 Or.
903 1594 935 1655 1,
954 1595 980 1646 8.
1010 1590 1135 1644 homines
1161 1607 1180 1641 o
1201 1587 1271 1657 sera
1299 1588 1381 1637 situl

194 1663 297 1714 cultum
315 1660 466 1715 humanum
482 1663 622 1728 deducerer
643 1662 735 1716 P·cke
760 1663 791 1715 in
815 1661 934 1718 Seebod.
964 1663 1031 1716 bibl.
1060 1663 1127 1715 crit.
1157 1681 1182 1714 e.
1204 1663 1283 1716 1821.
1311 1675 1337 1728 p·
1355 1656 1381 1708 51

193 1736 290 1796 „subu
308 1749 332 1786 c.
352 1734 421 1788 Tur.
440 1742 473 1787 ut
491 1736 528 1789 al.
563 1737 672 1806 volgus,
698 1737 811 1796 υοΙαια,
830 1737 922 1788 voltur
940 1743 994 1789 cet.
1020 1753 1046 1790 r.
1068 1734 1175 1788 Gellar.
1194 1731 1324 1806 ortbogr-
1346 1732 1381 1794 l·{

194 1809 239 1862 28.
260 1806 370 1860 Grotei.
390 1807 490 1860 Grem.
510 1808 542 1861 T.
564 1809 603 1861 11.
621 1806 652 1876 §.
675 1811 735 1862 150.
755 1808 839 1862 Both.
860 1809 896 1860 ad
914 1809 1014 1862 Horat.
1036 1823 1065 1880 p.
1083 1811 1109 1864 8.
1130 1804 1268 1860 Schneid.
1290 1803 1381 1856 Grani

196 1885 220 1934 1.
240 1895 270 1950 p.
289 1883 353 1935 31.”
374 1879 448 1934 Hess.
487 1879 568 1934 ldem
586 1897 773 1934 mansuescere
791 1889 943 1951 comparat
961 1880 1013 1933 Gr.
1032 1875 1191 1954 χειροήθης.
1380 1927 1381 1936 .

267 1955 310 2005 11.
349 1950 430 2005 Natta·
440 1950 553 2006 borum
571 1953 668 2006 domus
685 1961 735 2004 ααι
752 1971 819 2024 eger
837 1955 1000 2024 aetatique
1019 1969 1096 2014 cura,
1116 1950 1241 2006 alicuius
1261 1949 1324 2012 rei,
1343 1947 1381 2012 int

196 2023 304 2076 victus:
324 2033 410 2093 prout
428 2027 467 2076 ad
481 2043 610 2096 quemque
627 2043 732 2086 venere,
757 2028 890 2087 aluntur,
917 2033 950 2077 ut
968 2024 1056 2080 Suevi
1076 2041 1121 2095 ap.
1141 2025 1219 2078 Caes.
1241 2023 1267 2076 b.
1290 2021 1381 2098 (1.1,ἰ

192 2103 225 2148 et
249 2095 359 2149 milites
383 2097 528 2168 perpetui.
574 2096 656 2151 Nulli
685 2097 780 2152 domus
805 2108 855 2152 cut
878 2101 946 2169 egri
973 2105 1025 2150 aut
1050 2101 1112 2152 elio
1139 2114 1208 2150 cura
1234 2094 1356 2148 malebat
1380 2123 1381 2162 ,

196 2167 295 2221 Heius.
316 2175 346 2222 et
363 2177 415 2220 aut
433 2169 554 2222 thalami
572 2188 638 2222 cura
658 2170 812 2236 Herelius,
841 2173 891 2240 qui
911 2170 1084 2224 fortissimos
1103 2169 1185 2236 illos,
1220 2167 1381 2226 votivumt

195 2239 315 2305 nulum,
334 2240 504 2306 armillam,
523 2251 685 2314 gestantes,
709 2243 831 2298 caelibes
849 2243 938 2296 fuisse
955 2242 1161 2312 suspicabatur.
1193 2249 1246 2294 aut
1264 2255 1333 2311 ager
1349 2245 1381 2300 ott

156 2349 160 2354 -
195 2313 233 2364 sit
251 2311 293 2365 ed.
316 2313 379 2365 Put.
398 2315 423 2367 2.
443 2330 503 2367 uon
523 2319 547 2368 l.·
567 2343 604 2358 ·-
625 2315 742 2387 prodigi
757 2319 861 2377 alieni,
880 2323 1082 2390 contemptores·
1097 2321 1157 2369 arei:
1174 2317 1285 2368 Nostro
1303 2307 1381 2363 forsit

195 2383 399 2438 obversabatur
417 2385 488 2440 Sall.
508 2386 569 2441 Cet.
589 2390 615 2442 5.
635 2392 725 2440 alieni
743 2397 888 2458 appetere,
906 2391 953 2441 eut
970 2387 1115 2458 prosueuae
1132 2387 1210 2442 Heca.
1221 2415 1259 2428 -·
1278 2385 1381 2450 meanti

194 2463 333 2522 eeneduar
359 2456 482 2523 „effeta,
502 2459 666 2530 decrepite,
695 2469 728 2514 ut
748 2479 792 2531 ap.
812 2461 882 2515 Stat.
902 2458 992 2514 Theb.
1015 2466 1066 2527 11,
1086 2465 1149 2518 303.
1179 2453 1381 2521 Lucan..1‚³t

194 2525 266 2582 Seli.
293 2529 353 2582 Cat.
375 2532 417 2584 15.
443 2531 494 2584 ubi
520 2550 547 2585 a.
570 2531 649 2587 cort.
675 2537 809 2606 aanguts
831 2551 855 2587 c.
881 2533 951 2587 Tur.
979 2533 1041 2587 edd.
1062 2550 1107 2603 pr.
1127 2535 1215 2608 Pogg.
1237 2550 1265 2585 v.
1287 2521 1381 2585 Schnel

195 2599 293 2654 Graan.
315 2603 345 2666 l,
366 2607 390 2656 l.
409 2619 438 2673 p.
458 2606 599 2674 totseq.”
618 2607 693 2661 Hess-
713 2635 749 2646 -
782 2615 840 2660 tem
859 2606 945 2659 durae
962 2610 1074 2667 virtuti,
1093 2615 1127 2659 ut
1145 2607 1208 2661 tere
1226 2604 1381 2676 Ligurem

194 2691 259 2728 nem
278 2673 438 2743 (duratum)
466 2680 497 2731 in
522 2680 611 2732 armis
632 2697 719 2752 gemes
744 2679 808 2735 hia.
828 2682 881 2745 27,
900 2682 945 2736 18.
965 2707 1001 2722 -
1037 2679 1120 2732 ᾰοαια
1136 2677 1248 2748 saesbt,
1283 2695 1311 2730 v.
1340 2671 1381 2725 sd*

195 2750 219 2800 l.
240 2765 270 2800 n.
289 2751 330 2803 6.·

636 2929 830 2986 CAPUT
866 2931 980 2986 xxxn.

279 3037 425 3100 Proximi
454 3033 583 3100 Chattis
614 3044 830 3104 costumiam
853 3045 946 3108 alveo
968 3044 1120 3108 Rhenum
1165 3046 1295 3130 quique
1316 3027 1381 3101 tent

196 3141 258 3184 nus
281 3139 352 3182 esse
373 3122 536 3202 sufficiat,
569 3121 677 3208 Usipii
707 3147 745 3187 ac
767 3125 925 3190 Tencteri
947 3129 1069 3190 colunt.
1145 3129 1296 3206 encteri,
1329 3137 1381 3206 sup

196 3206 330 3266 solitum
359 3205 521 3266 bellorum
551 3203 671 3278 decus.
706 3212 869 3294 equestris
890 3209 1084 3298 disciplinae
1105 3222 1178 3276 arte
1198 3211 1381 3296 praecellat

196 3307 266 3374 nec
285 3288 391 3350 maior
422 3285 512 3371 apud
539 3287 674 3354 Chattos
703 3293 853 3378 peditum
881 3295 972 3373 laus,
1001 3316 1100 3380 quem
1129 3295 1311 3359 Tencteris
1341 3307 1381 3380 eqt

197 3379 277 3434 tum.
321 3369 378 3434 Sic
398 3373 574 3436 instituere
600 3377 765 3458 maiores,
796 3381 923 3459 posteri
952 3381 1138 3446 imitantur.
1181 3379 1230 3444 Hi
1262 3380 1381 3442 lususl

195 3459 354 3532 santium,
377 3455 458 3518 haec
479 3457 639 3520 iuventun
660 3463 855 3536 aemuleti03
878 3472 1093 3543 perseverant
1113 3483 1218 3526 senes.
1266 3462 1381 3534 interl

194 3541 320 3601 miliana
351 3547 385 3600 et
413 3549 547 3622 penates
578 3550 612 3604 et
631 3545 708 3604 iura
728 3545 974 3606 successionum
995 3549 1073 3629 equi
1094 3545 1291 3608 traduntur.
1339 3545 1381 3604 Et

196 3627 247 3768 ppt
267 3623 369 3766 dlips,
392 3641 480 3702 non,
503 3632 541 3686 ut
562 3635 690 3705 cetera,
714 3630 876 3690 maximus
898 3637 994 3704 netu,
1024 3628 1083 3692 sed
1102 3639 1205 3715 prout
1225 3633 1329 3693 ferox
1350 3629 1381 3690 be

197 3725 215 3767 e
253 3725 306 3768 nse
318 3725 380 3766 sor.

269 3827 295 3878 1.
331 3830 431 3879 certam
451 3827 509 3878 iam
533 3829 609 3880 aleco
626 3827 766 3888 libertam,
801 3829 844 3884 ita
869 3829 959 3883 latum
986 3830 1247 3902 profundumque,
1283 3837 1320 3881 ut
1345 3841 1381 3899 po

197 3909 257 3946 esse
282 3899 429 3958 seminus,
460 3913 515 3952 nec
540 3899 691 3969 praesidiis
719 3901 895 3956 custodiisse
909 3901 1064 3978 indigeats
1092 3904 1168 3956 Brot.
1214 3903 1318 3956 Minus
1347 3919 1377 3954 se

197 3964 314 4022 brechia
333 3965 531 4024 effundentem
551 3979 579 4026 et
597 3973 677 4028 lacus
703 3973 901 4040 efficientem,
930 3981 964 4026 ut
984 3975 1061 4046 apud
1083 3975 1221 4040 Batavos3
1252 3975 1353 4046 Long-
1380 4011 1381 4018 .

196 4037 233 4090 ad
251 4055 276 4093 o.
296 4043 341 4096 31.
362 4057 390 4095 n.
411 4042 439 4098 5.
475 4051 577 4098 cenum
597 4047 654 4098 iam
678 4049 750 4100 aluei
774 4063 850 4100 corr.
876 4047 973 4101 Heius.
1011 4047 1075 4102 Moe
1102 4049 1152 4100 dtu
1173 4048 1285 4102 solidas
1315 4055 1344 4101 et
1367 4047 1381 4096 o

197 4113 273 4166 eloco
292 4114 386 4181 lapsus
398 4111 514 4168 Rhenus
530 4117 596 4170 ltlel.
611 4123 638 4184 3,
653 4119 679 4173 2.
716 4121 794 4184 alveo
814 4118 832 4171 i.
850 4135 874 4172 e.
894 4119 971 4188 quod
989 4121 1094 4175 attinet
1111 4121 1147 4174 ad
1165 4121 1309 4184 alveum,
1333 4120 1381 4172 Get

197 4187 288 4246 ηἰααι,
315 4201 411 4251 nunc,
437 4185 504 4242 inde
521 4205 538 4242 a
556 4190 683 4246 secundo
702 4191 824 4244 Traiani
847 4193 1014 4257 consulatu3
1051 4202 1080 4247 et
1097 4195 1195 4264 quique
1213 4195 1381 4246 terminus*

196 4253 324 4324 suffiriet
341 4257 478 4312 videntur
497 4277 556 4316 esse
574 4263 662 4316 verbe
680 4264 819 4334 optentis,
852 4271 887 4316 ut
912 4265 1055 4319 terminus
1073 4265 1194 4335 imperii
1212 4279 1280 4318 non
1303 4261 1381 4321 novi}

198 4329 305 4384 incerti
324 4337 444 4386 eventus
462 4331 548 4387 bellis
567 4339 803 4405 promoventur-3³
821 4335 944 4392 uuest
963 4355 992 4408 p.
1012 4341 1074 4395 stt.
