2792 4792
182 219 223 286 81
534 214 713 280 LIBELLI
734 213 793 278 DE
814 209 1050 278 GERMANIA

184 379 365 478 Oppeotottlffc
386 379 518 472 ’λαφύρων
544 382 595 438 coir
621 379 753 472 Madeaaia
777 373 901 450 κομίζον,
933 373 1047 430 Aeliae.
1076 375 1128 466 Va
1141 372 1178 426 ti.
1197 373 1231 438 5,
1250 373 1294 428 13.
1322 371 1343 456 ei

183 477 343 584 tlte?
350 456 564 584 litttt‘tt
578 457 808 596 ii..”iiii,il.⁰{.’.
824 451 935 590 1111..
946 447 1352 573 ’1111111161111

183 602 267 656 horn.
287 601 386 655 Graan.
405 617 433 671 p.
456 603 517 656 169.
537 606 636 665 recte,
661 599 781 670 opinor,
807 603 874 649 auto
892 601 1081 647 armaatcrm
1100 590 1276 665 intelligunt
1294 588 1333 648 id,

184 675 257 746 quod
272 690 327 744 pro
347 674 378 724 id
393 672 466 744 quod
481 671 593 724 dictum
613 678 750 736 censent,
782 683 876 736 neque
901 675 965 718 tuin
990 664 1107 718 omnino
1135 661 1319 716 scribendum

183 749 293 806 veniat,
324 745 404 814 quod
430 743 618 798 contendebat
637 741 747 798 Giinth.
784 741 827 793 cf.
847 739 883 792 ad
900 737 976 792 ann.
994 741 1030 800 2,
1049 739 1101 800 26,
1120 740 1146 791 1.
1166 765 1203 776 -
1234 751 1288 802 pro
1305 733 1353 784 boa

184 826 322 888 exceptum
341 817 385 871 ed.
404 818 466 870 Par.
491 817 608 882 „Honor
624 814 654 868 b.
675 816 695 868 1.
714 813 893 885 praemium,
911 809 1144 881 Ebreaegeocbenk.
1164 827 1192 860 v.
1213 805 1347 858 Matthiae

185 891 246 946 Gic.
266 907 294 962 p.
314 890 397 944 lioac.
417 889 481 942 Am.
502 893 547 946 37.
567 887 683 942 Ruhnk.
703 887 740 940 ed
758 887 824 939 Ter.
845 884 920 936 Eun.
940 883 971 948 5,
991 886 1022 948 6,
1042 884 1086 938 22.
1107 889 1136 934 et
1155 879 1282 934 Forcell.
1318 893 1348 930 ae

183 963 321 1092 peztgttpm,
335 961 577 1086 echprincipum,
611 976 672 1014 non
698 959 870 1022 civitatum,
904 954 983 1024 quod
1006 954 1125 1024 supplet
1149 952 1252 1006 Luden
1276 951 1308 1002 T.
1326 950 1347 1001 l.

241 1076 247 1088 .
287 1037 330 1090 1.’
395 1052 442 1088 eea.

256 1111 282 1164 5.
322 1107 446 1159 Gaudent
470 1107 511 1174 (v.
531 1105 566 1157 ed
585 1122 610 1158 o.
630 1107 675 1160 16.
695 1121 723 1155 n.
743 1104 784 1168 8.)
805 1102 947 1172 principer
969 1099 1114 1166 praecipue
1135 1097 1188 1166 fla.
1213 1102 1289 1166 geat.
1316 1093 1346 1144 da

184 1197 252 1251 puae
271 1197 326 1233 nore
346 1179 424 1237 modo
442 1197 461 1230 a
478 1179 625 1248 cingulia,
640 1177 689 1229 red
704 1175 791 1228 etiam
810 1176 851 1240 (v.
871 1171 907 1224 ad
925 1169 997 1224 ann.
1018 1175 1055 1232 1,
1075 1174 1126 1233 57,
1147 1169 1187 1231 1.)
1213 1169 1318 1236 publice
1339 1181 1363 1216 m

185 1259 337 1314 tantum
377 1249 488 1304 entibus
506 1265 643 1302 earumve
662 1247 794 1301 nomine.
832 1245 877 1298 cf.
898 1259 960 1314 cap.
979 1244 1006 1297 ὅ.
1026 1245 1069 1298 13.
1089 1244 1133 1297 21.
1153 1241 1190 1292 ll.
1207 1245 1243 1302 1,
1262 1237 1346 1295 760

186 1325 212 1377 b.
233 1323 268 1377 G.
289 1329 320 1388 1,
338 1269 381 1380 31.
410 1321 534 1378 Weiske
551 1337 581 1391 p.¹
599 1323 654 1378 226
666 1337 707 1389 aq.
732 1318 781 1372 aed
796 1325 824 1370 et
838 1317 946 1386 publice
964 1329 988 1368 c.
1008 1314 1119 1368 Arund.
1142 1312 1185 1366 ed.
1206 1313 1276 1365 Nor.
1298 1312 1355 1363 Put.
1380 1369 1381 1372 Ἰ

185 1398 261 1448 Mon.
283 1395 344 1448 Par.
365 1394 457 1448 Rben.
477 1394 526 1450 aed
536 1395 645 1462 publice
664 1394 725 1444 Put.
743 1396 769 1445 1.
789 1399 818 1443 et
835 1388 890 1442 rel.
909 1415 945 1426 -
963 1405 1070 1458 magna
1087 1405 1176 1445 wera,
1196 1402 1265 1436 nam
1285 1384 1350 1436 Gerr

186 1469 232 1520 nia
250 1485 356 1538 magna
373 1485 489 1538 corpora
508 1483 532 1519 c.
551 1470 578 1520 1.
599 1473 628 1519 et
644 1468 764 1518 maiorer
783 1465 892 1516 lancem
910 1477 936 1512 c.
956 1463 982 1515 6.
1001 1487 1038 1498 -
1060 1459 1204 1528 phalerae,
1222 1475 1250 1509 v.
1270 1455 1307 1507 ad
1324 1455 1356 1506 11.

185 1543 235 1604 89,
254 1544 281 1596 3.
299 1567 337 1580 -
366 1547 538 1610 torquetque,
557 1539 708 1598 emillae,
727 1535 889 1605 armboeage
907 1531 1067 1604 Nibelung.
1086 1550 1115 1585 v.
1135 1535 1216 1588 5333.
1242 1528 1286 1582 ct.
1306 1525 1384 1592 strala

185 1615 274 1677 1,1,
294 1615 320 1668 3.
340 1611 419 1666 Suet.
439 1612 512 1686 Aug.
531 1611 576 1668 25.
596 1609 675 1664 Flor.
695 1611 791 1674 1,12.
812 1607 848 1660 al.
1383 1601 1384 1648 1

255 1687 282 1740 6.
320 1683 381 1736 iarn
399 1691 427 1735 et
443 1687 588 1753 pecuniam
607 1685 727 1751 accipere
744 1681 900 1732 docuimuaa
926 1676 998 1731 haee
1026 1691 1125 1730 amare
1153 1674 1231 1728 dicta
1256 1673 1289 1726 in
1308 1672 1384 1726 liomt

186 1772 247 1820 noo,
268 1756 318 1824 qui
336 1756 393 1808 iam
413 1755 659 1830 degeneraverant
678 1773 693 1806 a
712 1739 821 1806 virtut'e
840 1751 983 1804 rnaiorum
1004 1756 1032 1802 et
1047 1747 1173 1818 pecunia
1189 1746 1329 1814 donisque
1347 1757 1385 1812 not

184 1827 272 1882 modo
292 1828 451 1880 amicitiam
469 1845 572 1904 regum
592 1827 707 1890 Germ,
725 1824 883 1884 Ariovisti,
903 1822 1045 1896 Segestae,
1066 1819 1238 1886 Malovendi
1256 1815 1385 1892 Abgande

185 1900 256 1954 ateri
273 1899 472 1969 aliorumque,
501 1901 552 1952 red
577 1899 665 1952 etiam
688 1913 791 1968 pacem
817 1895 1004 1950 aGermanio
1031 1909 1129 1947 emere
1157 1899 1320 1963 coeperant.
1362 1887 1385 1940 ll

185 1972 261 2034 illo,
282 1971 361 2038 quod
379 1972 464 2026 unice
482 1972 541 2024 huo
560 1979 689 2040 spectare
708 1975 791 2039 putat
809 1967 939 2034 Becker,
959 1985 986 2019 v.
1008 1966 1043 2020 H.
1065 1969 1099 2028 1,
1120 1967 1216 2030 76,1.
1235 1972 1265 2018 et
1284 1957 1386 2022 (laceb

186 2044 341 2108 G.1,35.
371 2041 686 2100 detruncatae.
714 2041 842 2104 Anno,
863 2045 907 2096 13.
933 2047 976 2102 et,
997 2054 1067 2106 quoa
1086 2037 1168 2091 Heca.
1188 2036 1334 2102 laudavit,
1352 2029 1386 2086 111

184 2119 237 2182 61,
257 2119 282 2171 7.
303 2117 354 2181 68,
373 2119 400 2173 9.
421 2115 579 2170 Herodian.
600 2119 633 2183 1,
652 2119 678 2170 6.
697 2116 730 2178 6,
749 2117 775 2169 7.
797 2111 923 2184 Capitol.
943 2113 980 2164 Μ.
999 2109 1106 2165 Anton.
1126 2127 1151 2164 c.
1170 2112 1217 2166 21.
1289 2113 1297 2132 “

641 2293 835 2350 CAPUT
872 2291 949 2349 xvi.

266 2403 384 2468 Nullae
413 2402 656 2467 Germanorum
684 2405 815 2490 populis
842 2404 945 2467 urbes
974 2403 1138 2482 habitari,
1187 2401 1266 2464 satie
1298 2407 1388 2462 notun

184 2496 254 2565 eet3
291 2507 334 2551 ne
361 2489 432 2589 pati
461 2485 594 2572 quidem
626 2490 715 2552 inter
748 2509 783 2552 ee
812 2490 940 2551 iunctae
971 2485 1074 2550 aedes.
1125 2483 1246 2549 Colunt
1276 2483 1388 2548 diecret

126 2605 128 2612 v
184 2589 222 2634 ac
245 2569 384 2670 ἅψει,
420 2577 459 2634 ut
478 2575 571 2652 fone,
606 2581 646 2634 ut
666 2593 818 2658 campus,
855 2579 894 2633 ut
915 2591 1029 2633 nemus
1050 2572 1185 2653 placuit.
1238 2567 1342 2630 Vicce
1363 2567 1388 2626 lo

185 2665 262 2718 cant
288 2675 354 2718 non
385 2658 422 2718 in
448 2663 600 2718 nostrum
627 2677 755 2726 morem
795 2657 949 2718 connexis
971 2664 1005 2718 et
1025 2653 1278 2717 cohaerentibus
1300 2649 1388 2714 aedifi

185 2741 263 2802 ciia:
293 2760 388 2802 suam
410 2742 550 2822 quisque
571 2739 705 2802 domum
726 2742 832 2824 spatio
854 2737 1057 2816 circumdat,
1088 2739 1159 2802 eive
1179 2735 1338 2800 adversus
1358 2752 1388 2793 ca

185 2843 242 2884 aue
263 2825 349 2908 ignis
368 2821 573 2901 remedium,
604 2825 675 2886 sive
695 2826 828 2886 inscitia
847 2821 1053 2886 aedificandi.
1095 2819 1149 2884 Ne
1169 2827 1388 2882 caementorum

186 2903 321 2988 quidem
342 2903 431 2987 apud
451 2905 524 2966 illoc
545 2913 605 2966 eut
624 2908 810 2992 tegularum
832 2926 929 2968 neue:
958 2907 1098 2968 materia
1118 2902 1161 2965 ad
1181 2905 1293 2966 omnia
1312 2911 1388 2964 utun

186 2989 419 3064 torinicum,
441 2995 476 3048 et
496 2989 582 3049 citra
603 2990 746 3071 speciem
768 2997 826 3050 aut
847 2987 1105 3052 delectationem.
1151 2985 1320 3068 Quaedam
1340 2986 1388 3046 loc

186 3069 379 3212 dilipentiue
400 3069 536 3132 illinunt
556 3079 670 3150 terra,
705 3073 752 3132 ite
772 3091 859 3154 pura
880 3080 913 3134 et
933 3071 1144 3155 splendente,
1187 3078 1226 3132 ut
1246 3072 1388 3153 picturae

186 3173 224 3216 ac
258 3161 443 3215 meamente
463 3156 611 3216 colorum
631 3155 793 3217 imitetur.
835 3152 949 3217 Solent
979 3165 1013 3217 et
1042 3156 1274 3218 subterraneos
1296 3171 1388 3236 specu

186 3237 334 3319 aperire,
370 3255 490 3320 eosque
520 3238 623 3300 multo
652 3239 791 3321 insuper
817 3239 895 3300 fimo
917 3247 1074 3318 onerant,
1109 3239 1290 3322 suffugium
1312 3237 1388 3297 hiem

186 3327 220 3384 et
241 3321 486 3402 receptaculum
507 3321 677 3405 frugibus,
699 3323 778 3404 quia
797 3323 943 3410 rigorem
964 3325 1127 3408 frigorum
1148 3317 1312 3386 eiusmodi
1333 3317 1388 3380 loci

185 3403 337 3464 molliunt
357 3410 406 3474 et,
438 3405 467 3464 ei
488 3403 619 3486 quando
639 3405 744 3466 boetia
764 3403 915 3484 advenit,
936 3413 1052 3488 aperta
1071 3406 1270 3488 populatur,
1301 3399 1388 3464 abdit

185 3495 297 3630 autedrp
319 3493 351 3548 et
372 3483 500 3549 defossa
519 3495 579 3550 aot
599 3489 808 3574 ignorantur,
829 3497 888 3552 ant
909 3507 948 3552 eo
968 3491 1042 3572 ipso
1058 3489 1187 3569 fallunt,
1209 3483 1298 3570 quod
1314 3501 1388 3570 quat

186 3587 246 3631 ren
309 3578 395 3631 enat

258 3689 284 3740 1.
322 3683 421 3742 Nullae
447 3703 463 3740 a
486 3685 684 3740 Germmnon
706 3689 821 3758 pepulit
848 3689 890 3756 (v.
919 3687 957 3742 ad
985 3703 1011 3742 c.
1028 3692 1056 3745 3.
1074 3703 1104 3740 n.
1123 3687 1164 3754 7.)
1191 3685 1297 3758 priscis
1325 3691 1353 3738 et
1377 3681 1386 3734 i

188 3757 347 3812 Germania
367 3776 414 3812 ma
456 3775 472 3810 a
490 3777 510 3812 s.
531 3756 762 3826 Transrhenana,
783 3761 857 3824 (non
876 3759 1076 3826 Cisrhenann
1096 3777 1123 3816 v.
1146 3759 1291 3814 Ammian.
1305 3761 1350 3823 17,
1370 3759 1388 3810 l.

187 3839 254 3883 ante
274 3829 397 3884 Henrici
432 3869 438 3882 .
459 3837 592 3901 tempora
610 3838 660 3884 aut
678 3831 755 3886 Saeo.
775 3833 811 3888 V.
837 3833 914 3886 arbee
933 3833 1060 3886 babituri
1078 3839 1107 3886 et
1124 3835 1216 3892 ricae,
1236 3835 1267 3885 ia
1285 3839 1388 3885 naatrm

187 3919 304 3988 morem,
330 3905 460 3956 canania
477 3909 506 3956 et
523 3901 728 3959 cohaerentibua
746 3906 882 3975 aedificiia
909 3907 1084 3976 (equorum
1103 3903 1312 3958 coniunctione
1331 3903 1388 3956 vicu

188 3973 339 4028 dicebatur
358 3975 573 4044 Torp„1'borp,
590 3975 686 4044 Dorp,
703 3975 798 4046 Dum·
826 3977 933 4032 Anton.
953 3978 1006 4034 lv.
1026 3996 1054 4049 p.
1077 3979 1151 4043 163.)
1180 3984 1210 4031 et
1236 3989 1321 4030 muro
1347 3974 1388 4027 cit

187 4048 256 4132 ctist
274 4063 341 4134 nam
359 4045 431 4132 talea
450 4053 562 4100 tantum
581 4045 772 4124 designantur
789 4051 867 4104 arbee
886 4057 916 4102 ot
933 4053 1006 4110 cici,
1025 4050 1104 4120 quod
1123 4049 1211 4104 etiam
1231 4065 1266 4102 ex
1284 4043 1388 4116 reliqui

187 4119 283 4174 Tacita
301 4117 399 4172 verbis
418 4125 512 4188 patet;
543 4119 626 4174 etde
666 4120 750 4176 riecie
770 4121 925 4178 Germanis
944 4121 1022 4176 idem
1040 4123 1172 4188 valebat,
1191 4119 1325 4191 quotide
1345 4117 1388 4170 Bri

188 4191 284 4250 taenia
310 4189 457 4245 tradidere
485 4189 587 4246 Strabo
605 4137 664 4247 IV?
681 4209 709 4263 p·
729 4197 792 4252 200.
813 4201 842 4250 et
861 4193 966 4248 Caesar
983 4193 1009 4248 b.
1031 4193 1065 4248 G.
1086 4197 1119 4262 6,
1138 4197 1184 4252 21.
1213 4192 1388 4262 (Oppidai

185 4270 298 4324 occant,
317 4281 400 4336 putem
417 4265 503 4318 oiloae
522 4265 669 4334 impeditae
687 4267 761 4321 calla
778 4275 859 4338 atpae
870 4265 954 4336 scaea
969 4271 1146 4330 munierunt,
1171 4283 1223 4338 pua
1242 4269 1388 4320 mauritani

183 4333 305 4391 boatium
323 4335 556 4392 vitandarum
574 4342 717 4394 conuaire
741 4340 929 4408 contuerunt.)
965 4339 1062 4396 iidem
1086 4359 1119 4395 ae
1145 4337 1329 4412 patiebantur
1352 4353 1385 4408 qa
