2756 4792
474 155 617 221 CAPUT
648 157 740 223 XIV·
1164 165 1225 230 375

30 323 92 383 torio
109 321 207 384 studio
228 324 362 406 ingenie
383 334 495 387 vestra
517 327 697 404 exercetis,
721 325 778 389 sed
800 327 964 396 eiusmodi
987 333 1087 391 etiam
1109 329 1222 414 dispu-

30 409 136 468 tationes
156 406 352 494 adiungitis,
390 427 475 490 qnae
497 417 530 471 st
549 410 724 494 ingenium
741 411 834 472 alunt
855 422 891 473 et
912 412 1156 494 eruditionem,
1188 424 1221 477 ct

28 491 163 552 literarum
189 489 466 552 iucundissimum
495 493 772 560 oblectamentum
804 513 879 556 cum
915 497 1031 576 vobis,
1070 500 1128 578 qui
1164 499 1219 559 illa

27 571 185 656 disputatis,
207 577 367 654 afferunt,
396 583 468 638 tum
490 577 590 638 etiam
612 571 679 649 uis,
709 576 751 638 ad
772 599 917 662 quorum
938 601 1036 642 aures
1054 601 1218 726 perrene-

26 659 81 717 rint.
116 657 223 741 ltaque
244 659 380 722 hercule
402 679 469 720 non
491 662 601 722 minus
622 661 760 742 probari
783 661 881 726 video
903 665 938 724 in
969 671 1021 744 te,
1079 665 1216 741 ecunde,

25 740 89 820 quod
111 741 181 804 lulii
205 741 344 804 Asiatici
371 745 477 806 vitam
506 742 733 826 componendo
767 767 859 828 spem
888 747 1079 810 hominibus
1111 749 1217 810 fecisti

24 825 138 904 plurium
157 823 319 887 eiusmodi
341 825 524 905 librorum,
562 847 661 910 quam
690 831 726 889 in
758 829 869 912 Apro,
909 830 998 914 quod
1026 829 1176 893 nondum
1197 853 1217 892 a

24 907 187 970 scholasticis
216 913 457 972 controversiis
487 913 626 974 recessit
656 920 689 973 et
716 914 823 974 otium
845 935 943 975 suum
966 916 1093 978 mavult
1114 934 1216 978 novo-

24 1009 74 1051 mn
93 993 256 1054 rhetorum
278 1013 394 1074 more,
417 1014 515 1078 quam
536 1003 690 1057 veterum
711 1006 904 1076 oratorum,
926 1017 1131 1083 consumere.

1218 822 1251 844 l

72 1133 91 1180 l.
123 1133 274 1182 concitatus
295 1137 323 1182 et
346 1133 420 1183 velut
447 1134 598 1184 instinctas
616 1147 655 1183 sc.
677 1131 780 1184 ardore
800 1132 924 1201 quodam
942 1133 1072 1204 poetico,
1105 1142 1137 1184 ut
1156 1135 1215 1185 hu-
1312 1161 1315 1167 Α

22 1215 82 1252 unns
98 1201 212 1267 Quintil.
232 1207 281 1268 10,
302 1207 326 1256 1.
355 1202 464 1255 dicitur
491 1204 590 1257 ardens
608 1211 636 1255 et
654 1210 826 1270 aoncttatasa
850 1205 955 1259 Sedula.
993 1207 1159 1260 ’Entovcaoia
1177 1205 1213 1258 de

20 1281 90 1340 poeta,
107 1275 169 1328 Era.
190 1305 224 1317 -
253 1293 337 1346 quum
359 1274 511 1345 Vipstanus
534 1276 670 1337 Messala,
706 1296 733 1330 v.
754 1277 790 1331 ad
810 1278 883 1332 Anu.
904 1282 938 1344 2,
957 1281 1011 1342 32,
1033 1285 1057 1333 1.
1079 1287 1107 1333 et
1127 1279 1162 1330 ll.
1184 1281 1212 1339 3,

20 1349 42 1407 l,
56 1351 75 1401 l.
106 1348 183 1402 Alius
203 1349 325 1404 Messala
345 1349 620 1422 Coruinuscsp.17.
641 1354 684 1406 18.
703 1353 748 1408 20.
767 1353 812 1407 21.
832 1381 868 1391 -
906 1371 990 1424 qaum
1015 1372 1035 1404 s.
1063 1371 1124 1405 cunr
1148 1350 1211 1404 edd.

18 1417 83 1474 dien
106 1425 130 1478 2.
153 1429 178 1481 3.
210 1431 241 1477 et
267 1443 324 1478 rec.
368 1433 427 1479 tum
465 1424 494 1478 V.
522 1424 558 1477 Μ.
589 1423 665 1478 MSS.
693 1426 755 1479 Vnt.
787 1425 832 1478 ed.
859 1443 904 1497 pr.
943 1427 1005 1480 Put.
1042 1425 1107 1480 niv.
1146 1425 1210 1478 Ber.

19 1491 82 1548 liban
99 1503 119 1552 1.
155 1516 238 1570 wasa
259 1498 289 1550 V.
309 1497 346 1551 lll.
366 1498 457 1552 Rlnen.
477 1502 503 1556 2.
524 1504 549 1556 3.
572 1505 600 1552 et
620 1507 675 1552 cet.
716 1499 871 1570 Vipstanus
898 1518 956 1554 non
986 1501 1061 1556 MSS.
1083 1501 1143 1553 Vat.
1164 1498 1213 1552 sed

19 1567 241 1626 aetrnum.
262 1578 395 1642 uispanus
416 1570 532 1628 eddim
553 1575 689 1627 urbanius
701 1573 744 1627 ed.
758 1591 802 1644 pr.
832 1573 957 1628 Urbanas
975 1575 1109 1628 Putller.
1122 1571 1212 1626 Rhen.

18 1649 69 1706 tres,
85 1643 143 1696 hld.
182 1645 320 1700 Vibans'us
345 1645 492 1700 cod..vet.
522 1653 551 1701 et
571 1645 647 1716 Lips.
669 1655 697 1700 et
716 1647 824 1701 Ursini.
864 1647 1016 1717 Vipsanius
1043 1647 1107 1700 edd.
1135 1646 1212 1716 Lips.

17 1721 89 1768 stent.
107 1725 171 1772 ante
190 1719 262 1772 Eun.
303 1717 443 1789 Vipsanas
462 1719 525 1791 Bip.
567 1719 732 1792 Vipstaniue
751 1719 830 1774 Brot.
867 1719 910 1776 (lt.
936 1721 972 1775 ad
998 1720 1073 1774 Anu.
1096 1725 1146 1785 11,
1165 1722 1210 1784 23,

16 1789 72 1840 1.·-
87 1793 141 1844 eius
158 1803 171 1844 'a
192 1810 281 1845 mauu
321 1791 468 1846 lossatoris
492 1793 623 1846 additum
641 1791 760 1863 putabat
782 1793 854 1846 Ern.
876 1805 907 1847 ut
925 1803 965 1848 est
982 1793 1063 1846 Acie.
1085 1801 1113 1847 st
1133 1793 1209 1846 Orel.

16 1887 38 1897 -
63 1867 261 1937 suspiratarque
289 1811 333 1919 ed.
361 1884 407 1936 pr.
435 1874 464 1919 et
488 1867 550 1920 Put.
573 1895 607 1906 -
637 1885 668 1918 es
687 1871 749 1935 ipsa
769 1869 923 1921 intentione
941 1885 979 1920 sc.
999 1866 1126 1934 vultust
1142 1865 1209 1918 Ern.
1295 1914 1298 1920 .

16 1931 165 2004 illectione,
185 1939 371 2014 singulorum
390 1956 427 1992 sc.
449 1947 548 1994 mente
568 1947 597 1994 et
617 1939 794 2014 cogitatione
814 1939 928 1994 intenta
950 1941 982 1992 in
1002 1957 1053 2002 ea,
1073 1957 1147 2008 quae
1167 1937 1211 1990 di·

14 2016 137 2074 cenatum
157 2011 262 2064 Sedula.
282 2040 318 2050 -
349 2013 479 2066 altiorem
498 2017 575 2066 inter
592 2031 637 2066 eos
656 2031 711 2066 esse
728 2031 895 2075 sermenem,
923 2013 1105 2090 colloquium
1124 2011 1159 2066 de
1179 2029 1210 2064 re

15 2081 152 2150 gurissima
172 2092 201 2136 et
220 2084 335 2138 altioris
355 2085 512 2161 indaginis.
532 2116 568 2126 —
602 2089 798 2156 tempestivus,
817 2105 843 2139 r.
863 2087 899 2140 ad
917 2087 991 2139 Ann.
1012 2090 1065 2150 11,
1084 2087 1111 2140 2.
1146 2091 1211 2136 tem-

13 2157 96 2216 nunu
113 2155 154 2210 ed.
175 2158 236 2210 Put.
258 2187 294 2197 -
322 2163 459 2212 interveni
477 2176 576 2213 omnes
597 2159 661 2214 edd.
683 2159 753 2212 inde
773 2178 789 2212 a
808 2161 870 2214 Pul.
905 2165 1011 2213 intueri
1030 2159 1073 2212 ed.
1092 2175 1138 2228 pr.
1168 2162 1212 2210 in-

14 2229 101 2279 teremto
118 2229 192 2281 ceni.
214 2231 319 2284 Heum.
339 2261 374 2273 -
405 2241 431 2284 et
449 2251 548 2286 causae
567 2235 687 2286 alicuius
705 2231 831 2286 lorensis
851 2240 879 2286 et
898 2233 1050 2308 gravioris.
1071 2237 1097 2284 et
1121 2229 1211 2283 ornis-

14 2315 53 2348 sum
67 2300 186 2355 iniunt.
1052 2309 1054 2312 '

59 2375 79 2428 2.
112 2373 228 2429 Minime
247 2374 337 2430 semel
357 2377 469 2452 legitur
488 2377 520 2429 in
540 2377 584 2432 ed.
606 2379 664 2448 (pr.
682 2379 710 2445 ?)
737 2377 797 2429 Put.
827 2379 903 2430 lunt.
930 2377 982 2448 Dr.
1009 2377 1052 2430 Os.
1074 2375 1121 2429 Or.
1139 2373 1211 2427 'Mi-

12 2445 256 2516 annosissimam.
277 2448 376 2519 Farn.)
401 2451 444 2504 ed.
464 2449 528 2503 Ber.
550 2460 579 2503 et
598 2453 653 2505 rel.
692 2449 745 2518 „si
765 2451 930 2503 iterandum
949 2450 1068 2520 fuisset,
1096 2456 1207 2512 auctor,

13 2524 71 2584 pcto,
95 2521 252 2590 scripsisset
271 2523 403 2584 Minime,
432 2527 527 2594 inquit
547 2525 702 2585 Secundus,
730 2521 871 2575 minime.’‘
893 2523 938 2575 Os.
970 2522 1014 2575 (ll.
1034 2521 1069 2573 ad
1089 2539 1113 2573 c.
1135 2527 1158 2574 1.
1179 2539 1206 2572 n.

11 2589 67 2639 1-
83 2595 310 2658 laeta-oratio,
331 2589 365 2648 ν.“
378 2597 414 2648 ad
434 2613 457 2648 c.
477 2599 522 2651 20.
545 2615 572 2650 n.
592 2601 618 2654 3.
637 2627 673 2638 -
701 2597 824 2649 &retati
842 2597 874 2647 in
895 2594 938 2647 ed.
958 2596 1019 2648 Put.
1040 2594 1153 2646 dicebat.
1173 2621 1208 2632 --

11 2663 139 2728 ndentior,
165 2675 199 2718 ut
217 2687 235 2720 a
253 2668 375 2734 Quintil.
396 2672 446 2733 12,
468 2673 518 2737 10,
537 2673 582 2726 23.
609 2669 767 2724 Aeschines
790 2670 935 2721 audentior
960 2675 1059 2719 orator
1081 2665 1207 2729 dicitur,

9 2729 42 2786 dr.
72 2741 227 2800 audentior,
250 2750 397 2812 postauam
417 2743 453 2808 (c.
474 2743 577 2807 Facu.)
597 2743 642 2796 ed.
661 2743 739 2812 hips.
761 2742 784 2792 1.
805 2749 834 2792 et
857 2747 964 2811 poster.
984 2757 1011 2793 v.
1033 2739 1068 2790 ed
1087 2755 1111 2790 c.
1132 2743 1156 2790 1.
1177 2755 1205 2821 ¹.¹'

9 2809 156 2866 indentes·
175 2813 238 2866 edd.
258 2823 315 2868 vet.
336 2823 363 2868 et
379 2823 524 2884 poetarum
544 2815 620 2869 MSS.
641 2815 704 2868 Vnt.
734 2830 893 2882 crucesque
923 2811 986 2866 edd.
1013 2819 1132 2881 praeter
1156 2811 1206 2894 Lp-

10 2881 101 2946 punias.
125 2895 319 2956 poetarumque
345 2887 427 2940 dedit
453 2887 542 2941 Gron.
587 2890 646 2942 Nos
671 2886 763 2940 secuti
790 2904 886 2939 sumus
915 2883 1066 2955 Lipsium‚
1100 2891 1130 2934 ut
1155 2880 1212 2934 hnc

9 2954 110 3010 aucam
127 2960 214 3012 Farn.
264 2961 374 3030 Copula
399 2960 495 3012 minus
521 2968 586 3030 apta
614 2969 656 3014 est
683 2977 768 3030 quam
788 2957 943 3030 appositio.

58 3035 80 3084 3.
114 3032 155 3084 lte
175 3051 256 3098 uero,
277 3037 371 3103 inquit
389 3051 426 3086 sc.
448 3033 574 3085 Messala.
595 3035 630 3084 ct'.
652 3033 687 3086 ad
707 3049 767 3102 cap.
789 3033 832 3086 15.
851 3049 879 3084 n.
900 3031 925 3085 2.
954 3047 1017 3082 aero
1036 3047 1071 3083 ex
1091 3027 1203 3082 emend.

9 3091 75 3153 lhan,
92 3123 148 3157 (εκ
166 3105 211 3158 ed.
233 3123 277 3175 pr.
299 3107 360 3157 Put.
382 3105 444 3158 itis.
466 3105 530 3159 Ber.
549 3105 640 3159 Rhen.
661 3111 687 3159 1.
725 3107 792 3158 Mox
810 3105 956 3174 adipsum
976 3105 1038 3155 Put.
1068 3109 1100 3154 ut
1116 3117 1205 3155 sermo

9 3177 78 3226 -itn
94 3179 229 3247 idipsum
249 3177 327 3230 dedit
345 3179 448 3232 Heum.
467 3207 504 3218 -
535 3183 591 3233 viri
614 3183 716 3248 optimi
740 3185 768 3230 st
793 3183 945 3243 temporum
963 3183 1124 3228 nostrerum
1144 3191 1206 3226 nra-

10 3247 71 3311 aaa,
99 3249 194 3320 lepide
219 3249 330 3302 dictum
350 3269 367 3302 a
386 3251 521 3317 Messala,
553 3251 603 3320 qui
623 3250 800 3306 contendere
820 3249 944 3316 solebat,
980 3250 1128 3302 neminem
1148 3248 1205 3300 hoc

8 3320 108 3386 tempore
126 3331 272 3376 oratorem
293 3339 366 3376 esse:
386 3325 426 3386 (v.
446 3341 507 3394 cap.
528 3327 571 3378 15.
592 3331 620 3376 ct
639 3325 675 3376 ad
689 3335 756 3392 cap.
777 3326 801 3376 1.
824 3331 884 3375 not.
904 3323 943 3392 1.)
973 3339 1067 3389 neque
1086 3321 1205 3372 audien·
1248 3339 1251 3345 ⁴

10 3385 39 3445 11.
67 3395 111 3460 qni
134 3403 259 3448 oratores
277 3395 339 3448 sine
359 3394 487 3465 epitheto
507 3397 618 3470 frigere
639 3405 666 3448 et
685 3396 757 3448 hinc
776 3398 879 3466 optimi
896 3403 963 3448 ante
982 3402 1137 3463 temporum
1156 3392 1205 3444 vel

10 3470 52 3526 test
67 3476 183 3520 oratores
203 3467 343 3520 excidisse
362 3475 520 3537 putarunt,
551 3477 599 3520 aut
618 3469 646 3522 le
669 3468 776 3522 endum
796 3485 856 3521 esse
874 3485 935 3520 sere
954 3471 1057 3538 optimi
1072 3473 1154 3533 temp.
1176 3481 1203 3548 n.

8 3549 24 3580 i
50 3539 222 3611 ‚sl'empcrum
240 3549 398 3594 nemorum
415 3549 541 3594 oratores
560 3541 637 3594 dicte
678 3557 712 3594 oc
730 3559 831 3595 sensu:
863 3540 915 3608 qui
935 3538 1043 3592 nostris
1062 3545 1203 3607 tempora·

8 3601 42 3658 iti
61 3628 122 3668 vere
146 3615 294 3668 oratorum
320 3631 429 3668 nomen
457 3615 656 3668 intereamini.n
694 3614 840 3684 Wopkens.
873 3612 944 3666 obss.
974 3611 1055 3663 misc.
1082 3611 1151 3676 Vll,
1176 3613 1202 3664 3.
1230 3618 1236 3624 “

8 3693 26 3746 lt·
39 3685 90 3739 tet.
107 3716 142 3728 -
170 3695 198 3740 et
216 3687 413 3740 (ίαὶαηῑαίονίο
432 3688 526 3741 studio
545 3685 710 3750 rhetorum,
737 3687 913 3755 inquorum
933 3683 1204 3738 scholisttnnsna-

8 3755 233 3814 assonationes
252 3760 428 3814 etthemata
453 3760 488 3814 de
515 3759 599 3814 rebus
623 3759 773 3828 causisque
796 3758 855 3810 sive
883 3757 963 3812 veris
987 3757 1050 3810 sibe
1078 3755 1155 3809 lictis
1175 3763 1203 3808 et

9 3834 187 3900 controversis,
207 3831 257 3887 sed
276 3833 395 3886 veritati
413 3833 593 3902 simillimis,
614 3831 814 3896 elaberentur,
835 3839 863 3883 et
881 3833 1004 3897 μελέται,
1030 3835 1116 3898 (quae
1135 3844 1203 3880 mox

8 3897 154 3958 musicae
172 3909 375 3960 construendae
394 3907 548 3970 dicuntur)
568 3911 631 3956 tum
651 3903 842 3968 declamatio,
862 3904 1001 3968 ἐπίδειξις,
1022 3902 1147 3956 additur.
1174 3917 1200 3951 v.

8 3985 52 4048 ξφ·
67 3981 97 4032 31
110 3995 154 4048 pr.
173 3981 208 4034 35
221 3987 294 4032 extr.
322 3977 404 4048 (coll.
435 3979 557 4046 Quintil.
584 3977 706 4030 declam.
729 3977 792 4034 232.
817 3979 880 4032 288.
908 3981 971 4033 309.
999 3979 1062 4032 326.
1082 3979 1143 4033 330.
1168 3971 1202 4024 dc

8 4041 87 4100 tidem
105 4051 199 4118 rebus)
218 4053 335 4104 Petron.
356 4069 381 4103 c.
401 4057 427 4106 1.
458 4050 580 4116 Quintil.
602 4047 786 4116 inst.2,1u.
816 4050 946 4102 Iuveuul.
969 4055 1002 4113 1,
1024 4050 1154 4112 15—12.
1174 4047 1202 4110 7,

8 4117 140 4178 180-170.
160 4133 189 4178 st
206 4124 273 4178 Sen.
293 4131 424 4177 eunuco.
461 4123 509 4176 aaa
529 4123 642 4176 &clan-
669 4124 764 4176 studio
790 4121 833 4175 ed.
861 4137 907 4190 pr.
928 4151 964 4162 —
997 4121 1204 4190 disputationes

8 4189 134 4265 tlimgttts
152 4200 203 4263 (sc.
222 4195 497 4262 declamationibus)
521 4195 583 4250 edd.
610 4212 709 4248 omnes
728 4202 795 4247 ante
813 4194 924 4247 Dronk.
956 4194 1026 4266 disp.
1046 4202 1072 4246 st
1088 4193 1203 4247 sumitis

10 4257 55 4317 itt.
72 4271 143 4325 1518.
173 4271 244 4337 disp.
265 4272 412 4322 assumitis
435 4269 500 4322 Vat.
521 4271 701 4324 18621498.
721 4267 799 4338 quod
817 4275 970 4338 receptum
990 4273 1033 4320 est
1051 4285 1065 4318 a
1085 4267 1135 4318 Dr.
1157 4263 1200 4316 Os.

8 4331 43 4388 ilr-
59 4347 84 4392 et
99 4342 169 4396 male
187 4342 340 4396 defensum
361 4341 394 4395 ab
413 4341 524 4397 Orellio
543 4339 590 4394 his
608 4341 718 4396 verbis:
753 4341 895 4408 „Prorsus
923 4339 964 4392 sic
991 4337 1051 4392 Cic.
1071 4338 1151 4390 Brut.
1174 4334 1202 4402 0.
