<?xml version="1.0" encoding="UTF-8"?>
<!DOCTYPE html PUBLIC "-//W3C//DTD XHTML 1.0 Transitional//EN"
    "http://www.w3.org/TR/xhtml1/DTD/xhtml1-transitional.dtd">
<html xmlns="http://www.w3.org/1999/xhtml" xml:lang="en" lang="en">
 <head>
  <title>
</title>
<meta http-equiv="Content-Type" content="text/html;charset=utf-8" />
  <meta name='ocr-system' content='tesseract 3.04.00' />
  <meta name='ocr-capabilities' content='ocr_page ocr_carea ocr_par ocr_line ocrx_word'/>
</head>
<body>
  <div class='ocr_page' id='page_1' title='image "./ccorneliitaciti27tacigoog/ccorneliitaciti27tacigoog_0455.png"; bbox 0 0 2904 4802; ppageno 0'>
   <div class='ocr_carea' id='block_1_1' title="bbox 178 199 1104 275">
    <p class='ocr_par' dir='ltr' id='par_1_1' title="bbox 178 199 1104 275">
     <span class='ocr_line' id='line_1_1' title="bbox 178 199 1104 275; baseline 0.002 -3"><span class='ocrx_word' id='word_1_1' title='bbox 178 199 240 272; x_wconf 73' lang='lat' dir='ltr'><strong>lib</strong></span> <span class='ocrx_word' id='word_1_2' title='bbox 485 207 708 275; x_wconf 80' lang='lat' dir='ltr'><strong>DIALOGUS</strong></span> <span class='ocrx_word' id='word_1_3' title='bbox 736 209 794 275; x_wconf 84' lang='lat' dir='ltr'><strong>DE</strong></span> <span class='ocrx_word' id='word_1_4' title='bbox 817 209 1104 274; x_wconf 61' lang='lat' dir='ltr'><strong>ORA&#39;I&#39;ORIBUS.</strong></span> 
     </span>
    </p>
   </div>
   <div class='ocr_carea' id='block_1_2' title="bbox 111 372 1417 3788">
    <p class='ocr_par' dir='ltr' id='par_1_2' title="bbox 111 372 1417 3788">
     <span class='ocr_line' id='line_1_2' title="bbox 179 372 1409 451; baseline -0.003 -23"><span class='ocrx_word' id='word_1_5' title='bbox 179 373 306 428; x_wconf 86' lang='lat' dir='ltr'><strong>editores</strong></span> <span class='ocrx_word' id='word_1_6' title='bbox 325 374 410 428; x_wconf 87' lang='lat' dir='ltr'><strong>illam</strong></span> <span class='ocrx_word' id='word_1_7' title='bbox 430 391 585 451; x_wconf 74' lang='lat' dir='ltr'><strong>agnoscere</strong></span> <span class='ocrx_word' id='word_1_8' title='bbox 603 376 776 444; x_wconf 81' lang='lat' dir='ltr'><strong>roluemnt,</strong></span> <span class='ocrx_word' id='word_1_9' title='bbox 813 375 867 431; x_wconf 87' lang='lat' dir='ltr'><strong>etsi</strong></span> <span class='ocrx_word' id='word_1_10' title='bbox 886 393 933 432; x_wconf 90' lang='lat' dir='ltr'><strong>res</strong></span> <span class='ocrx_word' id='word_1_11' title='bbox 949 377 1013 448; x_wconf 80' lang='lat' dir='ltr'><strong>ipsa</strong></span> <span class='ocrx_word' id='word_1_12' title='bbox 1032 378 1100 430; x_wconf 91' lang='lat' dir='ltr'><strong>luce</strong></span> <span class='ocrx_word' id='word_1_13' title='bbox 1118 375 1228 430; x_wconf 88' lang='lat' dir='ltr'><strong>clarior</strong></span> <span class='ocrx_word' id='word_1_14' title='bbox 1246 391 1305 428; x_wconf 88' lang='lat' dir='ltr'><strong>esse</strong></span> <span class='ocrx_word' id='word_1_15' title='bbox 1324 372 1409 425; x_wconf 85' lang='lat' dir='ltr'><strong>vide·</strong></span> 
     </span>
     <span class='ocr_line' id='line_1_3' title="bbox 179 447 1408 526; baseline -0.002 -26"><span class='ocrx_word' id='word_1_16' title='bbox 179 455 235 500; x_wconf 90' lang='lat' dir='ltr'><strong>tur.</strong></span> <span class='ocrx_word' id='word_1_17' title='bbox 273 447 459 502; x_wconf 86' lang='lat' dir='ltr'><strong>Heumannus</strong></span> <span class='ocrx_word' id='word_1_18' title='bbox 479 447 556 502; x_wconf 89' lang='lat' dir='ltr'><strong>enim</strong></span> <span class='ocrx_word' id='word_1_19' title='bbox 575 449 647 503; x_wconf 89' lang='lat' dir='ltr'><strong>bena</strong></span> <span class='ocrx_word' id='word_1_20' title='bbox 666 458 853 526; x_wconf 77' lang='lat' dir='ltr'><strong>cognoverat,</strong></span> <span class='ocrx_word' id='word_1_21' title='bbox 873 465 932 504; x_wconf 89' lang='lat' dir='ltr'><strong>non</strong></span> <span class='ocrx_word' id='word_1_22' title='bbox 947 451 1076 504; x_wconf 87' lang='lat' dir='ltr'><strong>eiusdem</strong></span> <span class='ocrx_word' id='word_1_23' title='bbox 1091 447 1220 502; x_wconf 87' lang='lat' dir='ltr'><strong>hominis</strong></span> <span class='ocrx_word' id='word_1_24' title='bbox 1238 447 1324 501; x_wconf 85' lang='lat' dir='ltr'><strong>verba</strong></span> <span class='ocrx_word' id='word_1_25' title='bbox 1345 461 1408 498; x_wconf 89' lang='lat' dir='ltr'><strong>esse</strong></span> 
     </span>
     <span class='ocr_line' id='line_1_4' title="bbox 177 519 1407 592; baseline -0.004 -18"><span class='ocrx_word' id='word_1_26' title='bbox 177 537 274 589; x_wconf 89' lang='lat' dir='ltr'><strong>posse,</strong></span> <span class='ocrx_word' id='word_1_27' title='bbox 292 535 365 588; x_wconf 85' lang='lat' dir='ltr'><strong>quae</strong></span> <span class='ocrx_word' id='word_1_28' title='bbox 384 521 554 575; x_wconf 69' lang='lat' dir='ltr'><strong>antecedant</strong></span> <span class='ocrx_word' id='word_1_29' title='bbox 573 537 702 591; x_wconf 89' lang='lat' dir='ltr'><strong>quaeque</strong></span> <span class='ocrx_word' id='word_1_30' title='bbox 721 530 895 592; x_wconf 87' lang='lat' dir='ltr'><strong>sequantur,</strong></span> <span class='ocrx_word' id='word_1_31' title='bbox 915 541 1006 592; x_wconf 86' lang='lat' dir='ltr'><strong>quum</strong></span> <span class='ocrx_word' id='word_1_32' title='bbox 1019 525 1050 575; x_wconf 92' lang='lat' dir='ltr'><strong>in</strong></span> <span class='ocrx_word' id='word_1_33' title='bbox 1070 519 1303 576; x_wconf 76' lang='lat' dir='ltr'>antecedentibus</span> <span class='ocrx_word' id='word_1_34' title='bbox 1321 537 1407 571; x_wconf 89' lang='lat' dir='ltr'><strong>causa</strong></span> 
     </span>
     <span class='ocr_line' id='line_1_5' title="bbox 177 593 1406 664; baseline -0.004 -17"><span class='ocrx_word' id='word_1_35' title='bbox 177 593 360 663; x_wconf 72' lang='lat' dir='ltr'>eloquentiae</span> <span class='ocrx_word' id='word_1_36' title='bbox 378 613 395 646; x_wconf 93' lang='lat' dir='ltr'><strong>a</strong></span> <span class='ocrx_word' id='word_1_37' title='bbox 433 601 496 660; x_wconf 91' lang='lat' dir='ltr'><strong>tur,</strong></span> <span class='ocrx_word' id='word_1_38' title='bbox 516 595 549 646; x_wconf 90' lang='lat' dir='ltr'><strong>in</strong></span> <span class='ocrx_word' id='word_1_39' title='bbox 568 594 752 664; x_wconf 76' lang='lat' dir='ltr'>sequentibus</span> <span class='ocrx_word' id='word_1_40' title='bbox 770 611 841 648; x_wconf 81' lang='lat' dir='ltr'><strong>vem</strong></span> <span class='ocrx_word' id='word_1_41' title='bbox 861 603 963 648; x_wconf 89' lang='lat' dir='ltr'><strong>contra</strong></span> <span class='ocrx_word' id='word_1_42' title='bbox 982 603 1111 650; x_wconf 88' lang='lat' dir='ltr'><strong>oratores</strong></span> <span class='ocrx_word' id='word_1_43' title='bbox 1131 609 1290 662; x_wconf 87' lang='lat' dir='ltr'><strong>eorumque</strong></span> <span class='ocrx_word' id='word_1_44' title='bbox 1309 599 1406 646; x_wconf 87' lang='lat' dir='ltr'><strong>artem</strong></span> 
     </span>
     <span class='ocr_line' id='line_1_6' title="bbox 177 611 1409 742; baseline -0.002 -23"><span class='ocrx_word' id='word_1_45' title='bbox 177 667 350 736; x_wconf 88' lang='lat' dir='ltr'><strong>disputetur.</strong></span> <span class='ocrx_word' id='word_1_46' title='bbox 389 611 470 733; x_wconf 49' lang='lat' dir='ltr'><strong>&amp;rod</strong></span> <span class='ocrx_word' id='word_1_47' title='bbox 488 676 691 742; x_wconf 73' lang='lat' dir='ltr'><strong>argumentum</strong></span> <span class='ocrx_word' id='word_1_48' title='bbox 710 668 753 720; x_wconf 90' lang='lat' dir='ltr'><strong>ita</strong></span> <span class='ocrx_word' id='word_1_49' title='bbox 772 668 870 721; x_wconf 85' lang='lat' dir='ltr'><strong>arrisit</strong></span> <span class='ocrx_word' id='word_1_50' title='bbox 890 668 1043 736; x_wconf 77' lang='lat' dir='ltr'>schulzio,</span> <span class='ocrx_word' id='word_1_51' title='bbox 1076 676 1110 720; x_wconf 89' lang='lat' dir='ltr'><strong>ut</strong></span> <span class='ocrx_word' id='word_1_52' title='bbox 1127 665 1311 721; x_wconf 66' lang='lat' dir='ltr'><strong>Heumanno*</strong></span> <span class='ocrx_word' id='word_1_53' title='bbox 1324 681 1409 716; x_wconf 88' lang='lat' dir='ltr'><strong>acce·</strong></span> 
     </span>
     <span class='ocr_line' id='line_1_7' title="bbox 178 736 1408 811; baseline -0.005 -19"><span class='ocrx_word' id='word_1_54' title='bbox 178 740 248 794; x_wconf 90' lang='lat' dir='ltr'><strong>dere</strong></span> <span class='ocrx_word' id='word_1_55' title='bbox 266 739 323 791; x_wconf 85' lang='lat' dir='ltr'><strong>iam</strong></span> <span class='ocrx_word' id='word_1_56' title='bbox 341 755 400 791; x_wconf 91' lang='lat' dir='ltr'><strong>non</strong></span> <span class='ocrx_word' id='word_1_57' title='bbox 419 739 572 794; x_wconf 80' lang='lat' dir='ltr'><strong>dubitaret.</strong></span> <span class='ocrx_word' id='word_1_58' title='bbox 609 742 746 794; x_wconf 79' lang='lat' dir='ltr'><strong>Attamen</strong></span> <span class='ocrx_word' id='word_1_59' title='bbox 766 757 815 806; x_wconf 90' lang='lat' dir='ltr'><strong>ea,</strong></span> <span class='ocrx_word' id='word_1_60' title='bbox 849 757 923 809; x_wconf 90' lang='lat' dir='ltr'><strong>quae</strong></span> <span class='ocrx_word' id='word_1_61' title='bbox 942 759 959 794; x_wconf 86' lang='lat' dir='ltr'><strong>a</strong></span> <span class='ocrx_word' id='word_1_62' title='bbox 978 757 1040 811; x_wconf 86' lang='lat' dir='ltr'><strong>cap.</strong></span> <span class='ocrx_word' id='word_1_63' title='bbox 1060 745 1097 798; x_wconf 84' lang='grc'><strong>36</strong></span> <span class='ocrx_word' id='word_1_64' title='bbox 1115 757 1207 808; x_wconf 90' lang='lat' dir='ltr'><strong>usque</strong></span> <span class='ocrx_word' id='word_1_65' title='bbox 1225 737 1261 792; x_wconf 92' lang='lat' dir='ltr'><strong>de</strong></span> <span class='ocrx_word' id='word_1_66' title='bbox 1278 736 1408 790; x_wconf 79' lang='lat' dir='ltr'><strong>turbidis</strong></span> 
     </span>
     <span class='ocr_line' id='line_1_8' title="bbox 177 811 1408 886; baseline -0.003 -22"><span class='ocrx_word' id='word_1_67' title='bbox 177 811 374 880; x_wconf 87' lang='lat' dir='ltr'><strong>inquietisque</strong></span> <span class='ocrx_word' id='word_1_68' title='bbox 397 813 592 882; x_wconf 80' lang='lat' dir='ltr'><strong>temporibus,</strong></span> <span class='ocrx_word' id='word_1_69' title='bbox 629 821 765 881; x_wconf 90' lang='lat' dir='ltr'><strong>tanquam</strong></span> <span class='ocrx_word' id='word_1_70' title='bbox 793 813 830 865; x_wconf 90' lang='lat' dir='ltr'><strong>ad</strong></span> <span class='ocrx_word' id='word_1_71' title='bbox 855 813 988 867; x_wconf 88' lang='lat' dir='ltr'><strong>alendam</strong></span> <span class='ocrx_word' id='word_1_72' title='bbox 1011 813 1252 882; x_wconf 81' lang='lat' dir='ltr'><strong>excitandamque</strong></span> <span class='ocrx_word' id='word_1_73' title='bbox 1271 827 1408 886; x_wconf 80' lang='lat' dir='ltr'><strong>magnam</strong></span> 
     </span>
     <span class='ocr_line' id='line_1_9' title="bbox 178 881 1410 957; baseline -0.006 -18"><span class='ocrx_word' id='word_1_74' title='bbox 178 883 373 953; x_wconf 83' lang='lat' dir='ltr'><strong>eloquentiam</strong></span> <span class='ocrx_word' id='word_1_75' title='bbox 393 885 564 957; x_wconf 81' lang='lat' dir='ltr'><strong>aptissimis,</strong></span> <span class='ocrx_word' id='word_1_76' title='bbox 590 884 667 938; x_wconf 89' lang='lat' dir='ltr'><strong>dicta</strong></span> <span class='ocrx_word' id='word_1_77' title='bbox 686 893 786 951; x_wconf 86' lang='lat' dir='ltr'><strong>erant,</strong></span> <span class='ocrx_word' id='word_1_78' title='bbox 811 883 989 951; x_wconf 79' lang='lat' dir='ltr'><strong>effecerunt,</strong></span> <span class='ocrx_word' id='word_1_79' title='bbox 1015 893 1048 938; x_wconf 91' lang='lat' dir='ltr'><strong>ut</strong></span> <span class='ocrx_word' id='word_1_80' title='bbox 1067 887 1101 939; x_wconf 89' lang='lat' dir='ltr'><strong>iis</strong></span> <span class='ocrx_word' id='word_1_81' title='bbox 1120 884 1328 947; x_wconf 76' lang='lat' dir='ltr'><strong>assentiretur,</strong></span> <span class='ocrx_word' id='word_1_82' title='bbox 1354 881 1410 950; x_wconf 83' lang='lat' dir='ltr'><strong>qni</strong></span> 
     </span>
     <span class='ocr_line' id='line_1_10' title="bbox 176 955 1409 1032; baseline -0.003 -22"><span class='ocrx_word' id='word_1_83' title='bbox 176 973 317 1032; x_wconf 73' lang='lat' dir='ltr'><strong>magnum</strong></span> <span class='ocrx_word' id='word_1_84' title='bbox 343 955 428 1009; x_wconf 91' lang='lat' dir='ltr'><strong>illum</strong></span> <span class='ocrx_word' id='word_1_85' title='bbox 453 957 598 1012; x_wconf 81' lang='lat' dir='ltr'><strong>defectum</strong></span> <span class='ocrx_word' id='word_1_86' title='bbox 625 957 656 1010; x_wconf 88' lang='lat' dir='ltr'><strong>in</strong></span> <span class='ocrx_word' id='word_1_87' title='bbox 684 975 747 1028; x_wconf 88' lang='lat' dir='ltr'><strong>cap.</strong></span> <span class='ocrx_word' id='word_1_88' title='bbox 767 960 811 1013; x_wconf 84' lang='lat'><strong>35.</strong></span> <span class='ocrx_word' id='word_1_89' title='bbox 834 959 946 1012; x_wconf 88' lang='lat' dir='ltr'><strong>&#39;lacuna</strong></span> <span class='ocrx_word' id='word_1_90' title='bbox 975 967 1089 1012; x_wconf 88' lang='lat' dir='ltr'><strong>tantum</strong></span> <span class='ocrx_word' id='word_1_91' title='bbox 1119 956 1318 1028; x_wconf 87' lang='lat' dir='ltr'><strong>quaerendum</strong></span> <span class='ocrx_word' id='word_1_92' title='bbox 1345 969 1409 1008; x_wconf 86' lang='lat' dir='ltr'><strong>esse</strong></span> 
     </span>
     <span class='ocr_line' id='line_1_11' title="bbox 177 1029 1409 1101; baseline -0.003 -17"><span class='ocrx_word' id='word_1_93' title='bbox 177 1029 387 1084; x_wconf 78' lang='lat' dir='ltr'><strong>existimarent.</strong></span> <span class='ocrx_word' id='word_1_94' title='bbox 432 1031 476 1083; x_wconf 89' lang='lat' dir='ltr'><strong>lta</strong></span> <span class='ocrx_word' id='word_1_95' title='bbox 503 1045 574 1084; x_wconf 78' lang='lat' dir='ltr'><strong>vero</strong></span> <span class='ocrx_word' id='word_1_96' title='bbox 604 1047 670 1083; x_wconf 88' lang='lat' dir='ltr'><strong>eum</strong></span> <span class='ocrx_word' id='word_1_97' title='bbox 697 1031 790 1100; x_wconf 82' lang='lat' dir='ltr'><strong>omnis</strong></span> <span class='ocrx_word' id='word_1_98' title='bbox 815 1030 1016 1101; x_wconf 83' lang='lat' dir='ltr'><strong>disputationis</strong></span> <span class='ocrx_word' id='word_1_99' title='bbox 1038 1031 1109 1086; x_wconf 91' lang='lat' dir='ltr'><strong>crdo</strong></span> <span class='ocrx_word' id='word_1_100' title='bbox 1138 1029 1409 1095; x_wconf 86' lang='lat' dir='ltr'><strong>sententiarumque</strong></span> 
     </span>
     <span class='ocr_line' id='line_1_12' title="bbox 177 1101 1409 1178; baseline -0.003 -23"><span class='ocrx_word' id='word_1_101' title='bbox 177 1119 267 1156; x_wconf 84' lang='lat' dir='ltr'><strong>nexus</strong></span> <span class='ocrx_word' id='word_1_102' title='bbox 284 1102 369 1178; x_wconf 80' lang='lat' dir='ltr'><strong>fugit.</strong></span> <span class='ocrx_word' id='word_1_103' title='bbox 415 1102 553 1169; x_wconf 85' lang='lat' dir='ltr'><strong>Quodne</strong></span> <span class='ocrx_word' id='word_1_104' title='bbox 572 1110 601 1156; x_wconf 88' lang='lat' dir='ltr'><strong>et</strong></span> <span class='ocrx_word' id='word_1_105' title='bbox 619 1103 700 1155; x_wconf 88' lang='lat' dir='ltr'><strong>nobis</strong></span> <span class='ocrx_word' id='word_1_106' title='bbox 719 1103 846 1170; x_wconf 90' lang='lat' dir='ltr'><strong>accidat,</strong></span> <span class='ocrx_word' id='word_1_107' title='bbox 871 1103 940 1158; x_wconf 90' lang='lat' dir='ltr'><strong>inde</strong></span> <span class='ocrx_word' id='word_1_108' title='bbox 958 1121 973 1156; x_wconf 91' lang='lat' dir='ltr'><strong>a</strong></span> <span class='ocrx_word' id='word_1_109' title='bbox 994 1113 1056 1174; x_wconf 81' lang='lat' dir='ltr'><strong>cap.</strong></span> <span class='ocrx_word' id='word_1_110' title='bbox 1075 1107 1111 1160; x_wconf 83' lang='grc'><strong>33</strong></span> <span class='ocrx_word' id='word_1_111' title='bbox 1130 1104 1162 1154; x_wconf 91' lang='lat' dir='ltr'><strong>in</strong></span> <span class='ocrx_word' id='word_1_112' title='bbox 1180 1101 1332 1172; x_wconf 87' lang='lat' dir='ltr'><strong>scriptoris</strong></span> <span class='ocrx_word' id='word_1_113' title='bbox 1351 1115 1409 1152; x_wconf 90' lang='lat' dir='ltr'><strong>no·</strong></span> 
     </span>
     <span class='ocr_line' id='line_1_13' title="bbox 177 1175 1409 1245; baseline -0.003 -16"><span class='ocrx_word' id='word_1_114' title='bbox 177 1177 231 1229; x_wconf 83' lang='lat' dir='ltr'><strong>stri</strong></span> <span class='ocrx_word' id='word_1_115' title='bbox 248 1190 516 1245; x_wconf 86' lang='lat' dir='ltr'><strong>personarumque,</strong></span> <span class='ocrx_word' id='word_1_116' title='bbox 536 1193 605 1244; x_wconf 87' lang='lat' dir='ltr'><strong>quas</strong></span> <span class='ocrx_word' id='word_1_117' title='bbox 624 1175 754 1240; x_wconf 82' lang='lat' dir='ltr'><strong>induxit,</strong></span> <span class='ocrx_word' id='word_1_118' title='bbox 774 1183 902 1230; x_wconf 87' lang='lat' dir='ltr'><strong>mentem</strong></span> <span class='ocrx_word' id='word_1_119' title='bbox 920 1177 1084 1230; x_wconf 78' lang='lat' dir='ltr'><strong>accuratius</strong></span> <span class='ocrx_word' id='word_1_120' title='bbox 1103 1175 1293 1245; x_wconf 87' lang='lat' dir='ltr'><strong>inquiramus.</strong></span> <span class='ocrx_word' id='word_1_121' title='bbox 1331 1175 1409 1226; x_wconf 86' lang='lat' dir='ltr'><strong>Mes·</strong></span> 
     </span>
     <span class='ocr_line' id='line_1_14' title="bbox 177 1245 1409 1334; baseline -0.005 -32"><span class='ocrx_word' id='word_1_122' title='bbox 177 1248 254 1311; x_wconf 73' lang='lat' dir='ltr'><strong>ula,</strong></span> <span class='ocrx_word' id='word_1_123' title='bbox 282 1247 333 1317; x_wconf 90' lang='lat' dir='ltr'><strong>qui</strong></span> <span class='ocrx_word' id='word_1_124' title='bbox 352 1247 384 1298; x_wconf 91' lang='lat' dir='ltr'><strong>in</strong></span> <span class='ocrx_word' id='word_1_125' title='bbox 403 1247 634 1301; x_wconf 83' lang='lat' dir='ltr'><strong>antecedentibus</strong></span> <span class='ocrx_word' id='word_1_126' title='bbox 653 1249 865 1334; x_wconf 72' lang='lat' dir='ltr'><strong>negligentiam</strong></span> <span class='ocrx_word' id='word_1_127' title='bbox 883 1257 1059 1318; x_wconf 87' lang='lat' dir='ltr'><strong>parentum,</strong></span> <span class='ocrx_word' id='word_1_128' title='bbox 1091 1248 1273 1302; x_wconf 86' lang='lat' dir='ltr'><strong>inscientiam</strong></span> <span class='ocrx_word' id='word_1_129' title='bbox 1291 1245 1409 1316; x_wconf 88' lang='lat' dir='ltr'><strong>praeci-</strong></span> 
     </span>
     <span class='ocr_line' id='line_1_15' title="bbox 176 1318 1409 1396; baseline -0.003 -22"><span class='ocrx_word' id='word_1_130' title='bbox 176 1320 321 1392; x_wconf 80' lang='lat' dir='ltr'><strong>pientium</strong></span> <span class='ocrx_word' id='word_1_131' title='bbox 341 1319 537 1389; x_wconf 85' lang='lat' dir='ltr'><strong>desidiamque</strong></span> <span class='ocrx_word' id='word_1_132' title='bbox 555 1320 715 1374; x_wconf 81' lang='lat' dir='ltr'><strong>iuventutis</strong></span> <span class='ocrx_word' id='word_1_133' title='bbox 734 1321 842 1391; x_wconf 90' lang='lat' dir='ltr'><strong>primas</strong></span> <span class='ocrx_word' id='word_1_134' title='bbox 862 1329 890 1374; x_wconf 92' lang='lat' dir='ltr'><strong>et</strong></span> <span class='ocrx_word' id='word_1_135' title='bbox 916 1322 1117 1396; x_wconf 76' lang='lat' dir='ltr'><strong>gravissimas,</strong></span> <span class='ocrx_word' id='word_1_136' title='bbox 1157 1337 1211 1373; x_wconf 89' lang='lat' dir='ltr'><strong>our</strong></span> <span class='ocrx_word' id='word_1_137' title='bbox 1238 1318 1409 1387; x_wconf 87' lang='lat' dir='ltr'><strong>eloquentia</strong></span> 
     </span>
     <span class='ocr_line' id='line_1_16' title="bbox 178 1393 1409 1466; baseline -0.004 -18"><span class='ocrx_word' id='word_1_138' title='bbox 178 1413 195 1448; x_wconf 88' lang='lat' dir='ltr'><strong>a</strong></span> <span class='ocrx_word' id='word_1_139' title='bbox 211 1401 311 1446; x_wconf 85' lang='lat' dir='ltr'><strong>vetere</strong></span> <span class='ocrx_word' id='word_1_140' title='bbox 330 1409 380 1445; x_wconf 87' lang='lat' dir='ltr'><strong>sua</strong></span> <span class='ocrx_word' id='word_1_141' title='bbox 398 1393 494 1466; x_wconf 78' lang='lat' dir='ltr'><strong>gloria</strong></span> <span class='ocrx_word' id='word_1_142' title='bbox 513 1393 546 1444; x_wconf 91' lang='lat' dir='ltr'><strong>in</strong></span> <span class='ocrx_word' id='word_1_143' title='bbox 565 1401 677 1446; x_wconf 88' lang='lat' dir='ltr'><strong>tantum</strong></span> <span class='ocrx_word' id='word_1_144' title='bbox 698 1393 882 1460; x_wconf 82' lang='lat' dir='ltr'><strong>descivisset,</strong></span> <span class='ocrx_word' id='word_1_145' title='bbox 908 1411 1004 1447; x_wconf 86' lang='lat' dir='ltr'><strong>causas</strong></span> <span class='ocrx_word' id='word_1_146' title='bbox 1023 1395 1179 1458; x_wconf 88' lang='lat' dir='ltr'><strong>attulerat,</strong></span> <span class='ocrx_word' id='word_1_147' title='bbox 1208 1409 1268 1461; x_wconf 90' lang='lat' dir='ltr'><strong>cap.</strong></span> <span class='ocrx_word' id='word_1_148' title='bbox 1289 1397 1333 1448; x_wconf 83' lang='grc'><strong>33.</strong></span> <span class='ocrx_word' id='word_1_149' title='bbox 1353 1407 1409 1460; x_wconf 88' lang='lat' dir='ltr'><strong>pe·</strong></span> 
     </span>
     <span class='ocr_line' id='line_1_17' title="bbox 178 1464 1409 1538; baseline -0.002 -20"><span class='ocrx_word' id='word_1_150' title='bbox 178 1473 257 1520; x_wconf 85' lang='lat' dir='ltr'><strong>tenta</strong></span> <span class='ocrx_word' id='word_1_151' title='bbox 271 1467 401 1518; x_wconf 88' lang='lat' dir='ltr'><strong>Materno</strong></span> <span class='ocrx_word' id='word_1_152' title='bbox 420 1464 456 1517; x_wconf 90' lang='lat' dir='ltr'><strong>ad</strong></span> <span class='ocrx_word' id='word_1_153' title='bbox 475 1466 597 1519; x_wconf 90' lang='lat' dir='ltr'><strong>alteram</strong></span> <span class='ocrx_word' id='word_1_154' title='bbox 617 1483 730 1518; x_wconf 88' lang='lat' dir='ltr'><strong>causam</strong></span> <span class='ocrx_word' id='word_1_155' title='bbox 749 1467 865 1538; x_wconf 80' lang='lat' dir='ltr'><strong>pergit,</strong></span> <span class='ocrx_word' id='word_1_156' title='bbox 885 1484 971 1536; x_wconf 88' lang='lat' dir='ltr'><strong>quam</strong></span> <span class='ocrx_word' id='word_1_157' title='bbox 991 1471 1021 1519; x_wconf 85' lang='lat' dir='ltr'><strong>in</strong></span> <span class='ocrx_word' id='word_1_158' title='bbox 1040 1466 1181 1520; x_wconf 81' lang='lat' dir='ltr'><strong>rhetorum</strong></span> <span class='ocrx_word' id='word_1_159' title='bbox 1198 1465 1300 1518; x_wconf 81' lang='lat' dir='ltr'><strong>scholis</strong></span> <span class='ocrx_word' id='word_1_160' title='bbox 1317 1479 1409 1532; x_wconf 89' lang='lat' dir='ltr'><strong>quae-</strong></span> 
     </span>
     <span class='ocr_line' id='line_1_18' title="bbox 178 1535 1409 1612; baseline -0.003 -20"><span class='ocrx_word' id='word_1_161' title='bbox 178 1539 298 1593; x_wconf 83' lang='lat' dir='ltr'><strong>rendam</strong></span> <span class='ocrx_word' id='word_1_162' title='bbox 325 1554 385 1591; x_wconf 91' lang='lat' dir='ltr'><strong>esse</strong></span> <span class='ocrx_word' id='word_1_163' title='bbox 409 1538 565 1591; x_wconf 79' lang='lat' dir='ltr'><strong>existimat.</strong></span> <span class='ocrx_word' id='word_1_164' title='bbox 613 1537 690 1591; x_wconf 88' lang='lat' dir='ltr'><strong>Olim</strong></span> <span class='ocrx_word' id='word_1_165' title='bbox 715 1539 811 1604; x_wconf 89' lang='lat' dir='ltr'><strong>enim,</strong></span> <span class='ocrx_word' id='word_1_166' title='bbox 840 1555 1013 1612; x_wconf 79' lang='lat' dir='ltr'><strong>anagnorum</strong></span> <span class='ocrx_word' id='word_1_167' title='bbox 1041 1547 1190 1593; x_wconf 86' lang='lat' dir='ltr'><strong>oratorum</strong></span> <span class='ocrx_word' id='word_1_168' title='bbox 1215 1535 1409 1606; x_wconf 87' lang='lat' dir='ltr'><strong>temporibus,</strong></span> 
     </span>
     <span class='ocr_line' id='line_1_19' title="bbox 178 1609 1410 1681; baseline -0.002 -17"><span class='ocrx_word' id='word_1_169' title='bbox 178 1613 316 1676; x_wconf 84' lang='lat' dir='ltr'><strong>iuvenes,</strong></span> <span class='ocrx_word' id='word_1_170' title='bbox 335 1609 462 1664; x_wconf 79' lang='lat' dir='ltr'><strong>honestis</strong></span> <span class='ocrx_word' id='word_1_171' title='bbox 481 1611 582 1664; x_wconf 83' lang='lat' dir='ltr'><strong>studiis</strong></span> <span class='ocrx_word' id='word_1_172' title='bbox 601 1612 724 1664; x_wconf 79' lang='lat' dir='ltr'><strong>refertos</strong></span> <span class='ocrx_word' id='word_1_173' title='bbox 744 1619 772 1664; x_wconf 89' lang='lat' dir='ltr'><strong>et</strong></span> <span class='ocrx_word' id='word_1_174' title='bbox 791 1611 947 1665; x_wconf 87' lang='lat' dir='ltr'><strong>domestica</strong></span> <span class='ocrx_word' id='word_1_175' title='bbox 966 1611 1122 1681; x_wconf 84' lang='lat' dir='ltr'><strong>disciplina</strong></span> <span class='ocrx_word' id='word_1_176' title='bbox 1139 1611 1273 1675; x_wconf 90' lang='lat' dir='ltr'><strong>imbutos,</strong></span> <span class='ocrx_word' id='word_1_177' title='bbox 1294 1609 1328 1662; x_wconf 93' lang='lat' dir='ltr'><strong>ad</strong></span> <span class='ocrx_word' id='word_1_178' title='bbox 1341 1625 1410 1662; x_wconf 87' lang='lat' dir='ltr'><strong>ora-</strong></span> 
     </span>
     <span class='ocr_line' id='line_1_20' title="bbox 178 1681 1410 1758; baseline -0.003 -22"><span class='ocrx_word' id='word_1_179' title='bbox 178 1692 257 1738; x_wconf 86' lang='lat' dir='ltr'><strong>tores</strong></span> <span class='ocrx_word' id='word_1_180' title='bbox 281 1683 430 1754; x_wconf 82' lang='lat' dir='ltr'><strong>principes</strong></span> <span class='ocrx_word' id='word_1_181' title='bbox 459 1683 709 1752; x_wconf 88' lang='lat' dir='ltr'><strong>celeberrimaque</strong></span> <span class='ocrx_word' id='word_1_182' title='bbox 734 1684 792 1737; x_wconf 87' lang='lat' dir='ltr'><strong>fori</strong></span> <span class='ocrx_word' id='word_1_183' title='bbox 817 1684 936 1758; x_wconf 78' lang='lat' dir='ltr'><strong>ingenia</strong></span> <span class='ocrx_word' id='word_1_184' title='bbox 964 1683 1103 1738; x_wconf 87' lang='lat' dir='ltr'><strong>deductos</strong></span> <span class='ocrx_word' id='word_1_185' title='bbox 1131 1701 1208 1750; x_wconf 88' lang='lat' dir='ltr'><strong>esse,</strong></span> <span class='ocrx_word' id='word_1_186' title='bbox 1239 1681 1410 1750; x_wconf 87' lang='lat' dir='ltr'><strong>horumque</strong></span> 
     </span>
     <span class='ocr_line' id='line_1_21' title="bbox 178 1755 1410 1826; baseline -0.005 -16"><span class='ocrx_word' id='word_1_187' title='bbox 178 1756 370 1811; x_wconf 78' lang='lat' dir='ltr'><strong>conhabernio</strong></span> <span class='ocrx_word' id='word_1_188' title='bbox 391 1755 472 1824; x_wconf 89' lang='lat' dir='ltr'><strong>quasi</strong></span> <span class='ocrx_word' id='word_1_189' title='bbox 490 1773 601 1826; x_wconf 88' lang='lat' dir='ltr'><strong>usuque</strong></span> <span class='ocrx_word' id='word_1_190' title='bbox 627 1756 822 1826; x_wconf 88' lang='lat' dir='ltr'><strong>sempiterno,</strong></span> <span class='ocrx_word' id='word_1_191' title='bbox 861 1771 1009 1824; x_wconf 88' lang='lat' dir='ltr'><strong>quumque</strong></span> <span class='ocrx_word' id='word_1_192' title='bbox 1037 1755 1169 1810; x_wconf 89' lang='lat' dir='ltr'><strong>omnibus</strong></span> <span class='ocrx_word' id='word_1_193' title='bbox 1196 1755 1301 1818; x_wconf 89' lang='lat' dir='ltr'><strong>causis,</strong></span> <span class='ocrx_word' id='word_1_194' title='bbox 1333 1771 1410 1822; x_wconf 90' lang='lat' dir='ltr'><strong>quas</strong></span> 
     </span>
     <span class='ocr_line' id='line_1_22' title="bbox 178 1827 1410 1906; baseline -0.005 -22"><span class='ocrx_word' id='word_1_195' title='bbox 178 1835 317 1906; x_wconf 71' lang='lat' dir='ltr'><strong>agerent,</strong></span> <span class='ocrx_word' id='word_1_196' title='bbox 337 1829 528 1894; x_wconf 89' lang='lat' dir='ltr'><strong>interessent,</strong></span> <span class='ocrx_word' id='word_1_197' title='bbox 548 1845 648 1882; x_wconf 79' lang='lat' dir='ltr'><strong>veram</strong></span> <span class='ocrx_word' id='word_1_198' title='bbox 668 1837 697 1882; x_wconf 87' lang='lat' dir='ltr'><strong>et</strong></span> <span class='ocrx_word' id='word_1_199' title='bbox 716 1829 840 1882; x_wconf 90' lang='lat' dir='ltr'><strong>solidam</strong></span> <span class='ocrx_word' id='word_1_200' title='bbox 860 1830 1058 1899; x_wconf 88' lang='lat' dir='ltr'><strong>eloquentiam</strong></span> <span class='ocrx_word' id='word_1_201' title='bbox 1070 1827 1206 1882; x_wconf 84' lang='lat' dir='ltr'><strong>hausisse</strong></span> <span class='ocrx_word' id='word_1_202' title='bbox 1225 1835 1254 1881; x_wconf 89' lang='lat' dir='ltr'><strong>et</strong></span> <span class='ocrx_word' id='word_1_203' title='bbox 1272 1843 1410 1902; x_wconf 81' lang='lat' dir='ltr'><strong>pugnare</strong></span> 
     </span>
     <span class='ocr_line' id='line_1_23' title="bbox 178 1901 1411 1972; baseline -0.004 -18"><span class='ocrx_word' id='word_1_204' title='bbox 178 1901 260 1972; x_wconf 89' lang='lat' dir='ltr'><strong>quasi</strong></span> <span class='ocrx_word' id='word_1_205' title='bbox 278 1901 311 1952; x_wconf 88' lang='lat' dir='ltr'><strong>in</strong></span> <span class='ocrx_word' id='word_1_206' title='bbox 329 1901 461 1972; x_wconf 85' lang='lat' dir='ltr'><strong>proelio,</strong></span> <span class='ocrx_word' id='word_1_207' title='bbox 493 1901 571 1954; x_wconf 89' lang='lat' dir='ltr'><strong>inter</strong></span> <span class='ocrx_word' id='word_1_208' title='bbox 595 1901 674 1955; x_wconf 73' lang='lat' dir='ltr'><strong>ferro</strong></span> <span class='ocrx_word' id='word_1_209' title='bbox 702 1917 761 1954; x_wconf 90' lang='lat' dir='ltr'><strong>non</strong></span> <span class='ocrx_word' id='word_1_210' title='bbox 789 1901 906 1954; x_wconf 90' lang='lat' dir='ltr'><strong>rudibus</strong></span> <span class='ocrx_word' id='word_1_211' title='bbox 931 1901 1116 1968; x_wconf 87' lang='lat' dir='ltr'><strong>dimicantes,</strong></span> <span class='ocrx_word' id='word_1_212' title='bbox 1144 1901 1293 1954; x_wconf 90' lang='lat' dir='ltr'><strong>didicisse:</strong></span> <span class='ocrx_word' id='word_1_213' title='bbox 1327 1913 1411 1950; x_wconf 87' lang='lat' dir='ltr'><strong>nunc</strong></span> 
     </span>
     <span class='ocr_line' id='line_1_24' title="bbox 179 1971 1412 2044; baseline -0.004 -15"><span class='ocrx_word' id='word_1_214' title='bbox 179 1982 275 2029; x_wconf 89' lang='lat' dir='ltr'><strong>autem</strong></span> <span class='ocrx_word' id='word_1_215' title='bbox 293 1973 509 2039; x_wconf 88' lang='lat' dir='ltr'><strong>adolescentes,</strong></span> <span class='ocrx_word' id='word_1_216' title='bbox 528 1974 701 2042; x_wconf 86' lang='lat' dir='ltr'><strong>pravissima</strong></span> <span class='ocrx_word' id='word_1_217' title='bbox 720 1974 876 2028; x_wconf 88' lang='lat' dir='ltr'><strong>domestica</strong></span> <span class='ocrx_word' id='word_1_218' title='bbox 896 1974 1049 2044; x_wconf 89' lang='lat' dir='ltr'><strong>disciplina</strong></span> <span class='ocrx_word' id='word_1_219' title='bbox 1069 1974 1233 2039; x_wconf 87' lang='lat' dir='ltr'><strong>institutos,</strong></span> <span class='ocrx_word' id='word_1_220' title='bbox 1254 1973 1286 2024; x_wconf 93' lang='lat' dir='ltr'><strong>in</strong></span> <span class='ocrx_word' id='word_1_221' title='bbox 1304 1971 1412 2025; x_wconf 89' lang='lat' dir='ltr'><strong>rheto-</strong></span> 
     </span>
     <span class='ocr_line' id='line_1_25' title="bbox 178 2045 1411 2117; baseline -0.004 -17"><span class='ocrx_word' id='word_1_222' title='bbox 178 2065 245 2100; x_wconf 88' lang='lat' dir='ltr'><strong>rum</strong></span> <span class='ocrx_word' id='word_1_223' title='bbox 265 2045 392 2112; x_wconf 89' lang='lat' dir='ltr'><strong>schclas,</strong></span> <span class='ocrx_word' id='word_1_224' title='bbox 413 2063 483 2115; x_wconf 87' lang='lat' dir='ltr'><strong>quas</strong></span> <span class='ocrx_word' id='word_1_225' title='bbox 502 2045 616 2115; x_wconf 84' lang='lat' dir='ltr'><strong>antiqui</strong></span> <span class='ocrx_word' id='word_1_226' title='bbox 635 2047 821 2116; x_wconf 78' lang='lat' dir='ltr'><strong>impudentiae</strong></span> <span class='ocrx_word' id='word_1_227' title='bbox 840 2046 917 2100; x_wconf 84' lang='lat' dir='ltr'><strong>ludos</strong></span> <span class='ocrx_word' id='word_1_228' title='bbox 937 2047 1167 2117; x_wconf 81' lang='lat' dir='ltr'><strong>appellaverint,</strong></span> <span class='ocrx_word' id='word_1_229' title='bbox 1187 2045 1320 2111; x_wconf 87' lang='lat' dir='ltr'><strong>transire,</strong></span> <span class='ocrx_word' id='word_1_230' title='bbox 1340 2045 1411 2113; x_wconf 90' lang='lat' dir='ltr'><strong>qui-</strong></span> 
     </span>
     <span class='ocr_line' id='line_1_26' title="bbox 177 2117 1412 2194; baseline -0.003 -20"><span class='ocrx_word' id='word_1_231' title='bbox 177 2120 229 2174; x_wconf 89' lang='lat' dir='ltr'><strong>bus</strong></span> <span class='ocrx_word' id='word_1_232' title='bbox 248 2119 368 2194; x_wconf 76' lang='lat' dir='ltr'><strong>ingenia</strong></span> <span class='ocrx_word' id='word_1_233' title='bbox 386 2137 441 2172; x_wconf 88' lang='lat' dir='ltr'><strong>nec</strong></span> <span class='ocrx_word' id='word_1_234' title='bbox 460 2119 576 2170; x_wconf 88' lang='lat' dir='ltr'><strong>alantur</strong></span> <span class='ocrx_word' id='word_1_235' title='bbox 593 2135 648 2173; x_wconf 90' lang='lat' dir='ltr'><strong>nec</strong></span> <span class='ocrx_word' id='word_1_236' title='bbox 667 2120 855 2185; x_wconf 81' lang='lat' dir='ltr'><strong>excolantur,</strong></span> <span class='ocrx_word' id='word_1_237' title='bbox 888 2119 938 2174; x_wconf 89' lang='lat' dir='ltr'><strong>sed</strong></span> <span class='ocrx_word' id='word_1_238' title='bbox 963 2121 1059 2190; x_wconf 90' lang='lat' dir='ltr'><strong>potius</strong></span> <span class='ocrx_word' id='word_1_239' title='bbox 1078 2120 1290 2172; x_wconf 88' lang='lat' dir='ltr'><strong>imminuantur</strong></span> <span class='ocrx_word' id='word_1_240' title='bbox 1308 2125 1338 2170; x_wconf 92' lang='lat' dir='ltr'><strong>et</strong></span> <span class='ocrx_word' id='word_1_241' title='bbox 1356 2117 1412 2170; x_wconf 91' lang='lat' dir='ltr'><strong>de·</strong></span> 
     </span>
     <span class='ocr_line' id='line_1_27' title="bbox 178 2191 1410 2262; baseline -0.002 -18"><span class='ocrx_word' id='word_1_242' title='bbox 178 2201 353 2262; x_wconf 84' lang='lat' dir='ltr'><strong>turpentur,</strong></span> <span class='ocrx_word' id='word_1_243' title='bbox 374 2199 438 2243; x_wconf 88' lang='lat' dir='ltr'><strong>tum</strong></span> <span class='ocrx_word' id='word_1_244' title='bbox 459 2191 521 2260; x_wconf 89' lang='lat' dir='ltr'><strong>ipso</strong></span> <span class='ocrx_word' id='word_1_245' title='bbox 541 2192 624 2255; x_wconf 91' lang='lat' dir='ltr'><strong>loco,</strong></span> <span class='ocrx_word' id='word_1_246' title='bbox 643 2192 677 2244; x_wconf 88' lang='lat' dir='ltr'><strong>ab</strong></span> <span class='ocrx_word' id='word_1_247' title='bbox 697 2193 776 2244; x_wconf 92' lang='lat' dir='ltr'><strong>omni</strong></span> <span class='ocrx_word' id='word_1_248' title='bbox 794 2192 958 2246; x_wconf 87' lang='lat' dir='ltr'><strong>reverentia</strong></span> <span class='ocrx_word' id='word_1_249' title='bbox 976 2208 1076 2258; x_wconf 86' lang='lat' dir='ltr'><strong>vacuo,</strong></span> <span class='ocrx_word' id='word_1_250' title='bbox 1096 2200 1159 2245; x_wconf 90' lang='lat' dir='ltr'><strong>tum</strong></span> <span class='ocrx_word' id='word_1_251' title='bbox 1174 2193 1305 2245; x_wconf 89' lang='lat' dir='ltr'><strong>tironum</strong></span> <span class='ocrx_word' id='word_1_252' title='bbox 1319 2197 1410 2243; x_wconf 87' lang='lat' dir='ltr'><strong>coetu</strong></span> 
     </span>
     <span class='ocr_line' id='line_1_28' title="bbox 178 2263 1411 2340; baseline -0.002 -24"><span class='ocrx_word' id='word_1_253' title='bbox 178 2281 279 2319; x_wconf 87' lang='lat' dir='ltr'><strong>rerum</strong></span> <span class='ocrx_word' id='word_1_254' title='bbox 296 2263 456 2336; x_wconf 87' lang='lat' dir='ltr'><strong>puerilium</strong></span> <span class='ocrx_word' id='word_1_255' title='bbox 474 2264 578 2333; x_wconf 90' lang='lat' dir='ltr'><strong>pleno,</strong></span> <span class='ocrx_word' id='word_1_256' title='bbox 598 2272 661 2316; x_wconf 91' lang='lat' dir='ltr'><strong>tum</strong></span> <span class='ocrx_word' id='word_1_257' title='bbox 679 2264 841 2318; x_wconf 87' lang='lat' dir='ltr'><strong>studiorum</strong></span> <span class='ocrx_word' id='word_1_258' title='bbox 860 2281 968 2340; x_wconf 83' lang='lat' dir='ltr'><strong>genere</strong></span> <span class='ocrx_word' id='word_1_259' title='bbox 987 2265 1022 2317; x_wconf 93' lang='lat' dir='ltr'><strong>ad</strong></span> <span class='ocrx_word' id='word_1_260' title='bbox 1032 2265 1142 2318; x_wconf 83' lang='lat' dir='ltr'><strong>fabulas</strong></span> <span class='ocrx_word' id='word_1_261' title='bbox 1158 2281 1305 2339; x_wconf 78' lang='lat' dir='ltr'><strong>nugasque</strong></span> <span class='ocrx_word' id='word_1_262' title='bbox 1317 2279 1411 2337; x_wconf 76' lang='lat' dir='ltr'><strong>agen·</strong></span> 
     </span>
     <span class='ocr_line' id='line_1_29' title="bbox 179 2335 1409 2403; baseline -0.002 -12"><span class='ocrx_word' id='word_1_263' title='bbox 179 2338 227 2391; x_wconf 88' lang='lat' dir='ltr'><strong>das</strong></span> <span class='ocrx_word' id='word_1_264' title='bbox 247 2337 380 2390; x_wconf 83' lang='lat' dir='ltr'><strong>demisso.</strong></span> <span class='ocrx_word' id='word_1_265' title='bbox 426 2335 468 2388; x_wconf 84' lang='lat' dir='ltr'><strong>Ab</strong></span> <span class='ocrx_word' id='word_1_266' title='bbox 489 2335 654 2390; x_wconf 90' lang='lat' dir='ltr'><strong>hominibus</strong></span> <span class='ocrx_word' id='word_1_267' title='bbox 681 2353 766 2403; x_wconf 82' lang='lat' dir='ltr'><strong>vero,</strong></span> <span class='ocrx_word' id='word_1_268' title='bbox 800 2335 855 2390; x_wconf 91' lang='lat' dir='ltr'><strong>hac</strong></span> <span class='ocrx_word' id='word_1_269' title='bbox 882 2337 993 2391; x_wconf 88' lang='lat' dir='ltr'><strong>ratione</strong></span> <span class='ocrx_word' id='word_1_270' title='bbox 1022 2337 1162 2390; x_wconf 86' lang='lat' dir='ltr'><strong>institutis</strong></span> <span class='ocrx_word' id='word_1_271' title='bbox 1183 2345 1210 2390; x_wconf 91' lang='lat' dir='ltr'><strong>et</strong></span> <span class='ocrx_word' id='word_1_272' title='bbox 1229 2335 1409 2401; x_wconf 81' lang='lat' dir='ltr'><strong>exercitatis,</strong></span> 
     </span>
     <span class='ocr_line' id='line_1_30' title="bbox 178 2409 1412 2485; baseline -0.002 -23"><span class='ocrx_word' id='word_1_273' title='bbox 178 2427 270 2480; x_wconf 86' lang='lat' dir='ltr'><strong>quum</strong></span> <span class='ocrx_word' id='word_1_274' title='bbox 288 2409 319 2461; x_wconf 91' lang='lat' dir='ltr'><strong>in</strong></span> <span class='ocrx_word' id='word_1_275' title='bbox 339 2411 436 2462; x_wconf 79' lang='lat' dir='ltr'><strong>foruna</strong></span> <span class='ocrx_word' id='word_1_276' title='bbox 458 2415 487 2462; x_wconf 85' lang='lat' dir='ltr'><strong>et</strong></span> <span class='ocrx_word' id='word_1_277' title='bbox 505 2409 615 2462; x_wconf 89' lang='lat' dir='ltr'><strong>iudicia</strong></span> <span class='ocrx_word' id='word_1_278' title='bbox 636 2409 719 2463; x_wconf 87' lang='lat' dir='ltr'><strong>etad</strong></span> <span class='ocrx_word' id='word_1_279' title='bbox 739 2427 835 2462; x_wconf 88' lang='lat' dir='ltr'><strong>causas</strong></span> <span class='ocrx_word' id='word_1_280' title='bbox 853 2410 985 2480; x_wconf 87' lang='lat' dir='ltr'><strong>publicas</strong></span> <span class='ocrx_word' id='word_1_281' title='bbox 1004 2410 1127 2485; x_wconf 75' lang='lat' dir='ltr'><strong>agendas</strong></span> <span class='ocrx_word' id='word_1_282' title='bbox 1152 2409 1326 2476; x_wconf 87' lang='lat' dir='ltr'><strong>transirent,</strong></span> <span class='ocrx_word' id='word_1_283' title='bbox 1361 2411 1412 2460; x_wconf 90' lang='lat' dir='ltr'><strong>ni-</strong></span> 
     </span>
     <span class='ocr_line' id='line_1_31' title="bbox 177 2481 1411 2557; baseline -0.002 -23"><span class='ocrx_word' id='word_1_284' title='bbox 177 2481 223 2535; x_wconf 88' lang='lat' dir='ltr'><strong>hil</strong></span> <span class='ocrx_word' id='word_1_285' title='bbox 247 2499 386 2557; x_wconf 77' lang='lat' dir='ltr'><strong>magnum</strong></span> <span class='ocrx_word' id='word_1_286' title='bbox 412 2489 442 2535; x_wconf 88' lang='lat' dir='ltr'><strong>et</strong></span> <span class='ocrx_word' id='word_1_287' title='bbox 460 2481 613 2557; x_wconf 78' lang='lat' dir='ltr'><strong>egregium</strong></span> <span class='ocrx_word' id='word_1_288' title='bbox 632 2499 692 2536; x_wconf 88' lang='lat' dir='ltr'><strong>esse</strong></span> <span class='ocrx_word' id='word_1_289' title='bbox 711 2483 944 2551; x_wconf 84' lang='lat' dir='ltr'><strong>exspectandum.</strong></span> <span class='ocrx_word' id='word_1_290' title='bbox 965 2511 1002 2522; x_wconf 92' lang='grc'><strong>-</strong></span> <span class='ocrx_word' id='word_1_291' title='bbox 1040 2484 1172 2537; x_wconf 80' lang='lat' dir='ltr'><strong>Messalae</strong></span> <span class='ocrx_word' id='word_1_292' title='bbox 1194 2481 1244 2534; x_wconf 90' lang='lat' dir='ltr'><strong>hic</strong></span> <span class='ocrx_word' id='word_1_293' title='bbox 1269 2481 1411 2550; x_wconf 91' lang='lat' dir='ltr'><strong>abrumpi</strong></span> 
     </span>
     <span class='ocr_line' id='line_1_32' title="bbox 178 2554 1411 2626; baseline -0.005 -16"><span class='ocrx_word' id='word_1_294' title='bbox 178 2572 342 2610; x_wconf 86' lang='lat' dir='ltr'><strong>sermonem</strong></span> <span class='ocrx_word' id='word_1_295' title='bbox 361 2562 457 2624; x_wconf 89' lang='lat' dir='ltr'><strong>patet,</strong></span> <span class='ocrx_word' id='word_1_296' title='bbox 488 2571 584 2622; x_wconf 89' lang='lat' dir='ltr'><strong>neque</strong></span> <span class='ocrx_word' id='word_1_297' title='bbox 602 2571 673 2608; x_wconf 85' lang='lat' dir='ltr'><strong>vero</strong></span> <span class='ocrx_word' id='word_1_298' title='bbox 692 2555 785 2608; x_wconf 87' lang='lat' dir='ltr'><strong>multa</strong></span> <span class='ocrx_word' id='word_1_299' title='bbox 804 2555 881 2621; x_wconf 88' lang='lat' dir='ltr'><strong>alia,</strong></span> <span class='ocrx_word' id='word_1_300' title='bbox 913 2573 999 2626; x_wconf 87' lang='lat' dir='ltr'><strong>quam</strong></span> <span class='ocrx_word' id='word_1_301' title='bbox 1020 2573 1093 2625; x_wconf 89' lang='lat' dir='ltr'><strong>quae</strong></span> <span class='ocrx_word' id='word_1_302' title='bbox 1112 2562 1243 2619; x_wconf 66' lang='lat' dir='ltr'><strong>entant,</strong></span> <span class='ocrx_word' id='word_1_303' title='bbox 1274 2571 1341 2609; x_wconf 80' lang='lat' dir='ltr'><strong>euin</strong></span> <span class='ocrx_word' id='word_1_304' title='bbox 1360 2554 1411 2605; x_wconf 89' lang='lat' dir='ltr'><strong>di·</strong></span> 
     </span>
     <span class='ocr_line' id='line_1_33' title="bbox 111 2625 1414 2698; baseline -0.004 -16"><span class='ocrx_word' id='word_1_305' title='bbox 111 2683 116 2692; x_wconf 77' lang='grc'><em>,</em></span> <span class='ocrx_word' id='word_1_306' title='bbox 178 2629 254 2682; x_wconf 86' lang='lat' dir='ltr'><strong>xisse</strong></span> <span class='ocrx_word' id='word_1_307' title='bbox 272 2627 466 2692; x_wconf 81' lang='lat' dir='ltr'><strong>crediderim,</strong></span> <span class='ocrx_word' id='word_1_308' title='bbox 486 2625 624 2680; x_wconf 89' lang='lat' dir='ltr'><strong>absolutis</strong></span> <span class='ocrx_word' id='word_1_309' title='bbox 644 2627 704 2680; x_wconf 91' lang='lat' dir='ltr'><strong>iam</strong></span> <span class='ocrx_word' id='word_1_310' title='bbox 723 2628 769 2694; x_wconf 89' lang='lat' dir='ltr'><strong>iis,</strong></span> <span class='ocrx_word' id='word_1_311' title='bbox 789 2643 861 2696; x_wconf 91' lang='lat' dir='ltr'><strong>quae</strong></span> <span class='ocrx_word' id='word_1_312' title='bbox 880 2629 911 2680; x_wconf 92' lang='lat' dir='ltr'><strong>in</strong></span> <span class='ocrx_word' id='word_1_313' title='bbox 929 2627 1136 2698; x_wconf 88' lang='lat' dir='ltr'><strong>persequendis</strong></span> <span class='ocrx_word' id='word_1_314' title='bbox 1156 2634 1304 2682; x_wconf 87' lang='lat' dir='ltr'><strong>oratorum</strong></span> <span class='ocrx_word' id='word_1_315' title='bbox 1324 2643 1414 2680; x_wconf 83' lang='lat' dir='ltr'><strong>exer-</strong></span> 
     </span>
     <span class='ocr_line' id='line_1_34' title="bbox 178 2700 1411 2771; baseline -0.002 -17"><span class='ocrx_word' id='word_1_316' title='bbox 178 2701 366 2755; x_wconf 83' lang='lat' dir='ltr'><strong>citationibus</strong></span> <span class='ocrx_word' id='word_1_317' title='bbox 385 2719 415 2756; x_wconf 88' lang='lat' dir='ltr'><strong>se</strong></span> <span class='ocrx_word' id='word_1_318' title='bbox 434 2700 588 2754; x_wconf 87' lang='lat' dir='ltr'><strong>docturum</strong></span> <span class='ocrx_word' id='word_1_319' title='bbox 607 2717 666 2755; x_wconf 85' lang='lat' dir='ltr'><strong>esse</strong></span> <span class='ocrx_word' id='word_1_320' title='bbox 684 2701 866 2771; x_wconf 88' lang='lat' dir='ltr'><strong>promiserat.</strong></span> <span class='ocrx_word' id='word_1_321' title='bbox 887 2729 923 2740; x_wconf 94' lang='lat'><strong>—-</strong></span> <span class='ocrx_word' id='word_1_322' title='bbox 955 2701 1079 2770; x_wconf 86' lang='lat' dir='ltr'><strong>Reliqua</strong></span> <span class='ocrx_word' id='word_1_323' title='bbox 1106 2717 1197 2769; x_wconf 88' lang='lat' dir='ltr'><strong>usque</strong></span> <span class='ocrx_word' id='word_1_324' title='bbox 1225 2701 1260 2753; x_wconf 90' lang='lat' dir='ltr'><strong>ad</strong></span> <span class='ocrx_word' id='word_1_325' title='bbox 1280 2715 1340 2770; x_wconf 86' lang='lat' dir='ltr'><strong>cap.</strong></span> <span class='ocrx_word' id='word_1_326' title='bbox 1360 2703 1411 2752; x_wconf 79' lang='lat' dir='ltr'><strong>to.</strong></span> 
     </span>
     <span class='ocr_line' id='line_1_35' title="bbox 180 2772 1411 2843; baseline -0.003 -15"><span class='ocrx_word' id='word_1_327' title='bbox 180 2773 304 2828; x_wconf 62' lang='lat' dir='ltr'><strong>flandi</strong></span> <span class='ocrx_word' id='word_1_328' title='bbox 316 2775 405 2828; x_wconf 78' lang='lat' dir='ltr'><strong>rerba</strong></span> <span class='ocrx_word' id='word_1_329' title='bbox 425 2791 484 2828; x_wconf 89' lang='lat' dir='ltr'><strong>esse</strong></span> <span class='ocrx_word' id='word_1_330' title='bbox 502 2773 655 2840; x_wconf 80' lang='lat' dir='ltr'><strong>ridentur,</strong></span> <span class='ocrx_word' id='word_1_331' title='bbox 676 2772 770 2826; x_wconf 88' lang='lat' dir='ltr'><strong>ethis</strong></span> <span class='ocrx_word' id='word_1_332' title='bbox 788 2774 908 2843; x_wconf 91' lang='lat' dir='ltr'><strong>quidem</strong></span> <span class='ocrx_word' id='word_1_333' title='bbox 927 2774 963 2827; x_wconf 91' lang='lat' dir='ltr'><strong>de</strong></span> <span class='ocrx_word' id='word_1_334' title='bbox 982 2775 1084 2828; x_wconf 87' lang='lat' dir='ltr'><strong>causis.</strong></span> <span class='ocrx_word' id='word_1_335' title='bbox 1121 2773 1265 2826; x_wconf 83' lang='lat' dir='ltr'><strong>Maternus</strong></span> <span class='ocrx_word' id='word_1_336' title='bbox 1285 2789 1347 2841; x_wconf 89' lang='lat' dir='ltr'><strong>cap.</strong></span> <span class='ocrx_word' id='word_1_337' title='bbox 1361 2775 1411 2826; x_wconf 81' lang='lat'><strong>16.</strong></span> 
     </span>
     <span class='ocr_line' id='line_1_36' title="bbox 177 2845 1415 2919; baseline -0.005 -17"><span class='ocrx_word' id='word_1_338' title='bbox 177 2848 366 2919; x_wconf 86' lang='lat' dir='ltr'><strong>promiserat,</strong></span> <span class='ocrx_word' id='word_1_339' title='bbox 386 2865 416 2902; x_wconf 89' lang='lat' dir='ltr'><strong>se</strong></span> <span class='ocrx_word' id='word_1_340' title='bbox 435 2855 464 2900; x_wconf 91' lang='lat' dir='ltr'><strong>et</strong></span> <span class='ocrx_word' id='word_1_341' title='bbox 482 2846 647 2900; x_wconf 84' lang='lat' dir='ltr'><strong>Secundum</strong></span> <span class='ocrx_word' id='word_1_342' title='bbox 667 2864 712 2900; x_wconf 91' lang='lat' dir='ltr'><strong>eas</strong></span> <span class='ocrx_word' id='word_1_343' title='bbox 731 2847 906 2915; x_wconf 86' lang='lat' dir='ltr'><strong>quaestionis</strong></span> <span class='ocrx_word' id='word_1_344' title='bbox 926 2855 1032 2916; x_wconf 89' lang='lat' dir='ltr'><strong>partes,</strong></span> <span class='ocrx_word' id='word_1_345' title='bbox 1053 2863 1121 2916; x_wconf 87' lang='lat' dir='ltr'><strong>quas</strong></span> <span class='ocrx_word' id='word_1_346' title='bbox 1141 2846 1258 2900; x_wconf 82' lang='lat' dir='ltr'><strong>Messala</strong></span> <span class='ocrx_word' id='word_1_347' title='bbox 1276 2845 1415 2913; x_wconf 88' lang='lat' dir='ltr'><strong>relique-</strong></span> 
     </span>
     <span class='ocr_line' id='line_1_37' title="bbox 178 2915 1413 2992; baseline -0.006 -17"><span class='ocrx_word' id='word_1_348' title='bbox 178 2921 239 2988; x_wconf 90' lang='lat' dir='ltr'><strong>rit,</strong></span> <span class='ocrx_word' id='word_1_349' title='bbox 259 2927 445 2975; x_wconf 84' lang='lat' dir='ltr'><strong>exsecuturos</strong></span> <span class='ocrx_word' id='word_1_350' title='bbox 465 2937 533 2974; x_wconf 90' lang='lat' dir='ltr'><strong>esse.</strong></span> <span class='ocrx_word' id='word_1_351' title='bbox 572 2915 665 2984; x_wconf 83' lang='lat' dir='ltr'><strong>Quum</strong></span> <span class='ocrx_word' id='word_1_352' title='bbox 691 2920 785 2992; x_wconf 78' lang='lat' dir='ltr'><strong>igitur</strong></span> <span class='ocrx_word' id='word_1_353' title='bbox 809 2921 953 2972; x_wconf 84' lang='lat' dir='ltr'><strong>Maternus</strong></span> <span class='ocrx_word' id='word_1_354' title='bbox 980 2936 1096 2973; x_wconf 91' lang='lat' dir='ltr'><strong>omnem</strong></span> <span class='ocrx_word' id='word_1_355' title='bbox 1116 2918 1338 2989; x_wconf 85' lang='lat' dir='ltr'><strong>disputationem</strong></span> <span class='ocrx_word' id='word_1_356' title='bbox 1357 2935 1413 2969; x_wconf 90' lang='lat' dir='ltr'><strong>sua</strong></span> 
     </span>
     <span class='ocr_line' id='line_1_38' title="bbox 179 2991 1413 3062; baseline -0.009 -12"><span class='ocrx_word' id='word_1_357' title='bbox 179 2995 310 3050; x_wconf 86' lang='lat' dir='ltr'><strong>oratione</strong></span> <span class='ocrx_word' id='word_1_358' title='bbox 330 2992 370 3061; x_wconf 83' lang='lat' dir='ltr'><strong>(r.</strong></span> <span class='ocrx_word' id='word_1_359' title='bbox 392 3007 454 3062; x_wconf 88' lang='lat' dir='ltr'><strong>cap.</strong></span> <span class='ocrx_word' id='word_1_360' title='bbox 473 2991 533 3060; x_wconf 72' lang='lat' dir='ltr'><strong>te.)</strong></span> <span class='ocrx_word' id='word_1_361' title='bbox 561 2991 731 3058; x_wconf 88' lang='lat' dir='ltr'><strong>concludat,</strong></span> <span class='ocrx_word' id='word_1_362' title='bbox 766 2991 891 3045; x_wconf 84' lang='lat' dir='ltr'><strong>Secundi</strong></span> <span class='ocrx_word' id='word_1_363' title='bbox 909 2991 997 3045; x_wconf 83' lang='lat' dir='ltr'><strong>verba</strong></span> <span class='ocrx_word' id='word_1_364' title='bbox 1016 2993 1198 3045; x_wconf 84' lang='lat' dir='ltr'><strong>antecessisse</strong></span> <span class='ocrx_word' id='word_1_365' title='bbox 1218 3007 1333 3045; x_wconf 84' lang='lat' dir='ltr'><strong>necesse</strong></span> <span class='ocrx_word' id='word_1_366' title='bbox 1355 2997 1413 3042; x_wconf 90' lang='lat' dir='ltr'><strong>est.</strong></span> 
     </span>
     <span class='ocr_line' id='line_1_39' title="bbox 178 3063 1413 3131; baseline -0.006 -10"><span class='ocrx_word' id='word_1_367' title='bbox 178 3066 325 3121; x_wconf 83' lang='lat' dir='ltr'><strong>Secundus</strong></span> <span class='ocrx_word' id='word_1_368' title='bbox 345 3065 450 3130; x_wconf 85' lang='lat' dir='ltr'><strong>etiarn,</strong></span> <span class='ocrx_word' id='word_1_369' title='bbox 471 3071 500 3117; x_wconf 90' lang='lat' dir='ltr'><strong>et</strong></span> <span class='ocrx_word' id='word_1_370' title='bbox 519 3071 619 3117; x_wconf 89' lang='lat' dir='ltr'><strong>orator</strong></span> <span class='ocrx_word' id='word_1_371' title='bbox 636 3064 704 3116; x_wconf 89' lang='lat' dir='ltr'><strong>satis</strong></span> <span class='ocrx_word' id='word_1_372' title='bbox 723 3064 856 3117; x_wconf 89' lang='lat' dir='ltr'><strong>laudatus</strong></span> <span class='ocrx_word' id='word_1_373' title='bbox 875 3072 903 3117; x_wconf 89' lang='lat' dir='ltr'><strong>et</strong></span> <span class='ocrx_word' id='word_1_374' title='bbox 921 3063 1113 3117; x_wconf 86' lang='lat' dir='ltr'><strong>historiarum</strong></span> <span class='ocrx_word' id='word_1_375' title='bbox 1132 3073 1250 3129; x_wconf 90' lang='lat' dir='ltr'><strong>auctor,</strong></span> <span class='ocrx_word' id='word_1_376' title='bbox 1270 3065 1321 3127; x_wconf 85' lang='lat' dir='ltr'><strong>(cf.</strong></span> <span class='ocrx_word' id='word_1_377' title='bbox 1343 3079 1413 3131; x_wconf 89' lang='lat' dir='ltr'><strong>cap.</strong></span> 
     </span>
     <span class='ocr_line' id='line_1_40' title="bbox 178 3135 1413 3210; baseline -0.007 -16"><span class='ocrx_word' id='word_1_378' title='bbox 178 3139 237 3208; x_wconf 72' lang='lat'><strong>14.)</strong></span> <span class='ocrx_word' id='word_1_379' title='bbox 255 3138 353 3210; x_wconf 90' lang='lat' dir='ltr'><strong>potius</strong></span> <span class='ocrx_word' id='word_1_380' title='bbox 372 3137 507 3190; x_wconf 86' lang='lat' dir='ltr'><strong>Messalae</strong></span> <span class='ocrx_word' id='word_1_381' title='bbox 532 3153 694 3190; x_wconf 85' lang='lat' dir='ltr'><strong>sermonem</strong></span> <span class='ocrx_word' id='word_1_382' title='bbox 722 3137 857 3206; x_wconf 84' lang='lat' dir='ltr'><strong>excipere</strong></span> <span class='ocrx_word' id='word_1_383' title='bbox 881 3136 1007 3202; x_wconf 86' lang='lat' dir='ltr'><strong>valebat,</strong></span> <span class='ocrx_word' id='word_1_384' title='bbox 1038 3153 1124 3206; x_wconf 90' lang='lat' dir='ltr'><strong>quam</strong></span> <span class='ocrx_word' id='word_1_385' title='bbox 1148 3139 1310 3200; x_wconf 89' lang='lat' dir='ltr'><strong>Maternus,</strong></span> <span class='ocrx_word' id='word_1_386' title='bbox 1342 3135 1413 3202; x_wconf 91' lang='lat' dir='ltr'><strong>qui,</strong></span> 
     </span>
     <span class='ocr_line' id='line_1_41' title="bbox 177 3207 1415 3280; baseline -0.005 -14"><span class='ocrx_word' id='word_1_387' title='bbox 177 3211 284 3266; x_wconf 85' lang='lat' dir='ltr'><strong>relicto</strong></span> <span class='ocrx_word' id='word_1_388' title='bbox 302 3212 366 3264; x_wconf 80' lang='lat' dir='ltr'><strong>foro</strong></span> <span class='ocrx_word' id='word_1_389' title='bbox 386 3208 574 3278; x_wconf 88' lang='lat' dir='ltr'><strong>iudiciisque,</strong></span> <span class='ocrx_word' id='word_1_390' title='bbox 603 3225 693 3280; x_wconf 90' lang='lat' dir='ltr'><strong>quum</strong></span> <span class='ocrx_word' id='word_1_391' title='bbox 712 3215 815 3280; x_wconf 87' lang='lat' dir='ltr'><strong>poetae</strong></span> <span class='ocrx_word' id='word_1_392' title='bbox 833 3215 947 3261; x_wconf 89' lang='lat' dir='ltr'><strong>tantum</strong></span> <span class='ocrx_word' id='word_1_393' title='bbox 967 3209 1097 3261; x_wconf 87' lang='lat' dir='ltr'><strong>laudibus</strong></span> <span class='ocrx_word' id='word_1_394' title='bbox 1116 3209 1254 3272; x_wconf 85' lang='lat' dir='ltr'><strong>floreret,</strong></span> <span class='ocrx_word' id='word_1_395' title='bbox 1281 3207 1415 3276; x_wconf 87' lang='lat' dir='ltr'><strong>ideoque</strong></span> 
     </span>
     <span class='ocr_line' id='line_1_42' title="bbox 178 3277 1414 3352; baseline -0.007 -12"><span class='ocrx_word' id='word_1_396' title='bbox 178 3293 260 3340; x_wconf 78' lang='lat' dir='ltr'><strong>extra</strong></span> <span class='ocrx_word' id='word_1_397' title='bbox 278 3282 496 3336; x_wconf 86' lang='lat' dir='ltr'><strong>contentionem</strong></span> <span class='ocrx_word' id='word_1_398' title='bbox 515 3281 597 3351; x_wconf 90' lang='lat' dir='ltr'><strong>quasi</strong></span> <span class='ocrx_word' id='word_1_399' title='bbox 614 3281 724 3352; x_wconf 89' lang='lat' dir='ltr'><strong>positus</strong></span> <span class='ocrx_word' id='word_1_400' title='bbox 743 3288 833 3345; x_wconf 89' lang='lat' dir='ltr'><strong>esset,</strong></span> <span class='ocrx_word' id='word_1_401' title='bbox 870 3281 982 3352; x_wconf 91' lang='lat' dir='ltr'><strong>optime</strong></span> <span class='ocrx_word' id='word_1_402' title='bbox 1010 3289 1039 3334; x_wconf 91' lang='lat' dir='ltr'><strong>et</strong></span> <span class='ocrx_word' id='word_1_403' title='bbox 1062 3277 1139 3335; x_wconf 90' lang='lat' dir='ltr'><strong>solus</strong></span> <span class='ocrx_word' id='word_1_404' title='bbox 1159 3281 1195 3334; x_wconf 91' lang='lat' dir='ltr'><strong>ad</strong></span> <span class='ocrx_word' id='word_1_405' title='bbox 1213 3287 1302 3335; x_wconf 90' lang='lat' dir='ltr'><strong>totam</strong></span> <span class='ocrx_word' id='word_1_406' title='bbox 1322 3280 1414 3332; x_wconf 86' lang='lat' dir='ltr'><strong>litem</strong></span> 
     </span>
     <span class='ocr_line' id='line_1_43' title="bbox 144 3353 1416 3428; baseline -0.006 -16"><span class='ocrx_word' id='word_1_407' title='bbox 144 3361 148 3367; x_wconf 85' lang='grc'><em>“</em></span> <span class='ocrx_word' id='word_1_408' title='bbox 179 3354 411 3426; x_wconf 84' lang='lat' dir='ltr'><strong>componendam</strong></span> <span class='ocrx_word' id='word_1_409' title='bbox 429 3363 512 3424; x_wconf 87' lang='lat' dir='ltr'><strong>aptus</strong></span> <span class='ocrx_word' id='word_1_410' title='bbox 531 3361 609 3417; x_wconf 87' lang='lat' dir='ltr'><strong>erat,</strong></span> <span class='ocrx_word' id='word_1_411' title='bbox 642 3353 707 3406; x_wconf 89' lang='lat' dir='ltr'><strong>illas</strong></span> <span class='ocrx_word' id='word_1_412' title='bbox 727 3354 851 3407; x_wconf 87' lang='lat' dir='ltr'><strong>rationes</strong></span> <span class='ocrx_word' id='word_1_413' title='bbox 868 3354 1060 3423; x_wconf 82' lang='lat' dir='ltr'><strong>proferendo,</strong></span> <span class='ocrx_word' id='word_1_414' title='bbox 1096 3371 1169 3423; x_wconf 91' lang='lat' dir='ltr'><strong>quae</strong></span> <span class='ocrx_word' id='word_1_415' title='bbox 1187 3369 1309 3428; x_wconf 74' lang='lat' dir='ltr'><strong>ariagnae</strong></span> <span class='ocrx_word' id='word_1_416' title='bbox 1327 3360 1416 3405; x_wconf 84' lang='lat' dir='ltr'><strong>vete-</strong></span> 
     </span>
     <span class='ocr_line' id='line_1_44' title="bbox 179 3425 1416 3497; baseline -0.005 -15"><span class='ocrx_word' id='word_1_417' title='bbox 179 3431 219 3482; x_wconf 88' lang='lat' dir='ltr'><strong>ris</strong></span> <span class='ocrx_word' id='word_1_418' title='bbox 238 3429 320 3480; x_wconf 88' lang='lat' dir='ltr'><strong>illius</strong></span> <span class='ocrx_word' id='word_1_419' title='bbox 339 3427 523 3497; x_wconf 87' lang='lat' dir='ltr'><strong>eloquentiae</strong></span> <span class='ocrx_word' id='word_1_420' title='bbox 542 3427 678 3479; x_wconf 63' lang='lat' dir='ltr'><strong>Mannum</strong></span> <span class='ocrx_word' id='word_1_421' title='bbox 704 3425 788 3480; x_wconf 88' lang='lat' dir='ltr'><strong>bonis</strong></span> <span class='ocrx_word' id='word_1_422' title='bbox 811 3426 877 3479; x_wconf 89' lang='lat' dir='ltr'><strong>aliis</strong></span> <span class='ocrx_word' id='word_1_423' title='bbox 904 3434 1118 3497; x_wconf 86' lang='lat' dir='ltr'><strong>compensantes</strong></span> <span class='ocrx_word' id='word_1_424' title='bbox 1138 3427 1242 3480; x_wconf 90' lang='lat' dir='ltr'><strong>solatio</strong></span> <span class='ocrx_word' id='word_1_425' title='bbox 1262 3443 1321 3478; x_wconf 88' lang='lat' dir='ltr'><strong>esse</strong></span> <span class='ocrx_word' id='word_1_426' title='bbox 1341 3439 1416 3494; x_wconf 91' lang='lat' dir='ltr'><strong>pos-</strong></span> 
     </span>
     <span class='ocr_line' id='line_1_45' title="bbox 178 3497 1415 3572; baseline -0.006 -17"><span class='ocrx_word' id='word_1_427' title='bbox 178 3509 250 3556; x_wconf 88' lang='lat' dir='ltr'><strong>sent.</strong></span> <span class='ocrx_word' id='word_1_428' title='bbox 288 3499 395 3567; x_wconf 88' lang='lat' dir='ltr'><strong>Quodsi</strong></span> <span class='ocrx_word' id='word_1_429' title='bbox 420 3500 513 3572; x_wconf 76' lang='lat' dir='ltr'><strong>igitur</strong></span> <span class='ocrx_word' id='word_1_430' title='bbox 536 3499 655 3552; x_wconf 78' lang='lat' dir='ltr'><strong>Messala</strong></span> <span class='ocrx_word' id='word_1_431' title='bbox 679 3507 833 3569; x_wconf 86' lang='lat' dir='ltr'><strong>corruptae</strong></span> <span class='ocrx_word' id='word_1_432' title='bbox 859 3499 1043 3568; x_wconf 86' lang='lat' dir='ltr'><strong>eloquentiae</strong></span> <span class='ocrx_word' id='word_1_433' title='bbox 1068 3515 1165 3552; x_wconf 88' lang='lat' dir='ltr'><strong>causas</strong></span> <span class='ocrx_word' id='word_1_434' title='bbox 1184 3502 1310 3551; x_wconf 79' lang='lat' dir='ltr'><strong>internas</strong></span> <span class='ocrx_word' id='word_1_435' title='bbox 1329 3497 1415 3548; x_wconf 89' lang='lat' dir='ltr'><strong>indi·</strong></span> 
     </span>
     <span class='ocr_line' id='line_1_46' title="bbox 179 3568 1415 3644; baseline -0.005 -17"><span class='ocrx_word' id='word_1_436' title='bbox 179 3581 310 3637; x_wconf 75' lang='lat' dir='ltr'><strong>caverat,</strong></span> <span class='ocrx_word' id='word_1_437' title='bbox 343 3589 465 3644; x_wconf 86' lang='lat' dir='ltr'><strong>pravam</strong></span> <span class='ocrx_word' id='word_1_438' title='bbox 488 3572 551 3624; x_wconf 89' lang='lat' dir='ltr'><strong>scil.</strong></span> <span class='ocrx_word' id='word_1_439' title='bbox 572 3571 799 3625; x_wconf 89' lang='lat' dir='ltr'><strong>adolescentium</strong></span> <span class='ocrx_word' id='word_1_440' title='bbox 819 3571 1032 3624; x_wconf 87' lang='lat' dir='ltr'><strong>institutionem</strong></span> <span class='ocrx_word' id='word_1_441' title='bbox 1053 3571 1131 3625; x_wconf 89' lang='lat' dir='ltr'><strong>etin</strong></span> <span class='ocrx_word' id='word_1_442' title='bbox 1150 3571 1304 3625; x_wconf 86' lang='lat' dir='ltr'><strong>rhetorum</strong></span> <span class='ocrx_word' id='word_1_443' title='bbox 1323 3568 1415 3622; x_wconf 86' lang='lat' dir='ltr'><strong>scho-</strong></span> 
     </span>
     <span class='ocr_line' id='line_1_47' title="bbox 178 3643 1417 3714; baseline -0.004 -14"><span class='ocrx_word' id='word_1_444' title='bbox 178 3645 232 3710; x_wconf 89' lang='lat' dir='ltr'><strong>lis,</strong></span> <span class='ocrx_word' id='word_1_445' title='bbox 269 3646 360 3698; x_wconf 87' lang='lat' dir='ltr'><strong>immo</strong></span> <span class='ocrx_word' id='word_1_446' title='bbox 385 3645 416 3696; x_wconf 89' lang='lat' dir='ltr'><strong>in</strong></span> <span class='ocrx_word' id='word_1_447' title='bbox 444 3643 577 3697; x_wconf 89' lang='lat' dir='ltr'><strong>omnibus</strong></span> <span class='ocrx_word' id='word_1_448' title='bbox 603 3645 705 3710; x_wconf 90' lang='lat' dir='ltr'><strong>rebus,</strong></span> <span class='ocrx_word' id='word_1_449' title='bbox 740 3643 917 3698; x_wconf 84' lang='lat' dir='ltr'><strong>oblivionem</strong></span> <span class='ocrx_word' id='word_1_450' title='bbox 941 3645 1030 3697; x_wconf 88' lang='lat' dir='ltr'><strong>moris</strong></span> <span class='ocrx_word' id='word_1_451' title='bbox 1054 3645 1167 3714; x_wconf 90' lang='lat' dir='ltr'><strong>antiqui</strong></span> <span class='ocrx_word' id='word_1_452' title='bbox 1186 3652 1215 3698; x_wconf 89' lang='lat' dir='ltr'><strong>et</strong></span> <span class='ocrx_word' id='word_1_453' title='bbox 1234 3643 1417 3714; x_wconf 89' lang='lat' dir='ltr'><strong>disciplinae</strong></span> 
     </span>
     <span class='ocr_line' id='line_1_48' title="bbox 179 3715 1416 3788; baseline -0.007 -15"><span class='ocrx_word' id='word_1_454' title='bbox 179 3718 324 3788; x_wconf 86' lang='lat' dir='ltr'><strong>antiquae,</strong></span> <span class='ocrx_word' id='word_1_455' title='bbox 346 3717 463 3772; x_wconf 69' lang='lat' dir='ltr'><strong>&amp;euvidi</strong></span> <span class='ocrx_word' id='word_1_456' title='bbox 480 3716 538 3768; x_wconf 88' lang='lat' dir='ltr'><strong>iam</strong></span> <span class='ocrx_word' id='word_1_457' title='bbox 557 3723 628 3782; x_wconf 90' lang='lat' dir='ltr'><strong>erat,</strong></span> <span class='ocrx_word' id='word_1_458' title='bbox 647 3725 680 3769; x_wconf 86' lang='lat' dir='ltr'><strong>ut</strong></span> <span class='ocrx_word' id='word_1_459' title='bbox 699 3733 795 3770; x_wconf 81' lang='lat' dir='ltr'><strong>causas</strong></span> <span class='ocrx_word' id='word_1_460' title='bbox 815 3725 940 3770; x_wconf 64' lang='lat' dir='ltr'><strong>esterna</strong></span> <span class='ocrx_word' id='word_1_461' title='bbox 959 3715 1130 3787; x_wconf 86' lang='lat' dir='ltr'><strong>explicaret,</strong></span> <span class='ocrx_word' id='word_1_462' title='bbox 1151 3733 1224 3786; x_wconf 89' lang='lat' dir='ltr'><strong>quae</strong></span> <span class='ocrx_word' id='word_1_463' title='bbox 1243 3723 1303 3770; x_wconf 89' lang='lat' dir='ltr'><strong>tres</strong></span> <span class='ocrx_word' id='word_1_464' title='bbox 1321 3721 1416 3767; x_wconf 85' lang='lat' dir='ltr'><strong>sunt:</strong></span> 
     </span>
    </p>
   </div>
   <div class='ocr_carea' id='block_1_3' title="bbox 179 3787 1417 3914">
    <p class='ocr_par' dir='ltr' id='par_1_3' title="bbox 179 3787 1417 3914">
     <span class='ocr_line' id='line_1_49' title="bbox 179 3787 1417 3914; baseline -0.006 -69"><span class='ocrx_word' id='word_1_465' title='bbox 179 3793 201 3845; x_wconf 91' lang='lat' dir='ltr'><strong>l.</strong></span> <span class='ocrx_word' id='word_1_466' title='bbox 221 3793 313 3845; x_wconf 73' lang='lat' dir='ltr'><strong>Maior</strong></span> <span class='ocrx_word' id='word_1_467' title='bbox 330 3796 361 3844; x_wconf 81' lang='lat' dir='ltr'><strong>in</strong></span> <span class='ocrx_word' id='word_1_468' title='bbox 381 3794 506 3860; x_wconf 77' lang='lat' dir='ltr'><strong>antiquis</strong></span> <span class='ocrx_word' id='word_1_469' title='bbox 522 3791 690 3858; x_wconf 80' lang='lat' dir='ltr'><strong>temporibus</strong></span> <span class='ocrx_word' id='word_1_470' title='bbox 708 3795 829 3842; x_wconf 79' lang='lat' dir='ltr'><strong>materia</strong></span> <span class='ocrx_word' id='word_1_471' title='bbox 848 3791 1040 3861; x_wconf 68' lang='lat' dir='ltr'><strong>eloquentem,-</strong></span> <span class='ocrx_word' id='word_1_472' title='bbox 1071 3789 1151 3866; x_wconf 74' lang='lat' dir='ltr'><strong>leges</strong></span> <span class='ocrx_word' id='word_1_473' title='bbox 1170 3787 1336 3914; x_wconf 54' lang='lat' dir='ltr'><strong>repandae,</strong></span> <span class='ocrx_word' id='word_1_474' title='bbox 1363 3803 1417 3838; x_wconf 83' lang='lat' dir='ltr'><strong>ac-</strong></span> 
     </span>
    </p>
   </div>
   <div class='ocr_carea' id='block_1_4' title="bbox 151 3857 1422 4442">
    <p class='ocr_par' dir='ltr' id='par_1_4' title="bbox 151 3857 1422 4442">
     <span class='ocr_line' id='line_1_50' title="bbox 179 3857 1417 3932; baseline -0.006 -14"><span class='ocrx_word' id='word_1_475' title='bbox 179 3865 340 3918; x_wconf 87' lang='lat' dir='ltr'><strong>cusationes</strong></span> <span class='ocrx_word' id='word_1_476' title='bbox 358 3863 522 3932; x_wconf 87' lang='lat' dir='ltr'><strong>potentium</strong></span> <span class='ocrx_word' id='word_1_477' title='bbox 540 3877 676 3928; x_wconf 77' lang='lat' dir='ltr'><strong>reorum,</strong></span> <span class='ocrx_word' id='word_1_478' title='bbox 696 3879 852 3932; x_wconf 87' lang='lat' dir='ltr'><strong>procerum</strong></span> <span class='ocrx_word' id='word_1_479' title='bbox 872 3862 1027 3927; x_wconf 79' lang='lat' dir='ltr'><strong>sactiones,</strong></span> <span class='ocrx_word' id='word_1_480' title='bbox 1056 3869 1170 3916; x_wconf 87' lang='lat' dir='ltr'><strong>senatus</strong></span> <span class='ocrx_word' id='word_1_481' title='bbox 1190 3879 1205 3914; x_wconf 88' lang='lat' dir='ltr'><strong>a</strong></span> <span class='ocrx_word' id='word_1_482' title='bbox 1226 3877 1325 3914; x_wconf 82' lang='lat' dir='ltr'><strong>versus</strong></span> <span class='ocrx_word' id='word_1_483' title='bbox 1345 3857 1417 3928; x_wconf 87' lang='lat' dir='ltr'><strong>ple·</strong></span> 
     </span>
     <span class='ocr_line' id='line_1_51' title="bbox 179 3933 1417 4003; baseline -0.006 -13"><span class='ocrx_word' id='word_1_484' title='bbox 179 3937 244 3991; x_wconf 88' lang='lat' dir='ltr'><strong>bem</strong></span> <span class='ocrx_word' id='word_1_485' title='bbox 262 3935 423 3990; x_wconf 87' lang='lat' dir='ltr'><strong>certamina</strong></span> <span class='ocrx_word' id='word_1_486' title='bbox 440 3935 493 3988; x_wconf 90' lang='lat' dir='ltr'><strong>rel.</strong></span> <span class='ocrx_word' id='word_1_487' title='bbox 531 3933 571 3988; x_wconf 87' lang='lat'><strong>11.</strong></span> <span class='ocrx_word' id='word_1_488' title='bbox 592 3935 702 3989; x_wconf 78' lang='lat' dir='ltr'><strong>Maiore</strong></span> <span class='ocrx_word' id='word_1_489' title='bbox 720 3943 865 3988; x_wconf 80' lang='lat' dir='ltr'><strong>oratorum</strong></span> <span class='ocrx_word' id='word_1_490' title='bbox 882 3939 1015 4003; x_wconf 77' lang='lat' dir='ltr'><strong>praerato.</strong></span> <span class='ocrx_word' id='word_1_491' title='bbox 1053 3935 1120 3987; x_wconf 92' lang='lat' dir='ltr'><strong>Non</strong></span> <span class='ocrx_word' id='word_1_492' title='bbox 1140 3934 1217 3988; x_wconf 88' lang='lat' dir='ltr'><strong>enim</strong></span> <span class='ocrx_word' id='word_1_493' title='bbox 1235 3933 1328 3986; x_wconf 85' lang='lat' dir='ltr'><strong>rubor</strong></span> <span class='ocrx_word' id='word_1_494' title='bbox 1344 3939 1417 3983; x_wconf 91' lang='lat' dir='ltr'><strong>tan-</strong></span> 
     </span>
     <span class='ocr_line' id='line_1_52' title="bbox 179 4005 1418 4080; baseline -0.006 -18"><span class='ocrx_word' id='word_1_495' title='bbox 179 4017 243 4062; x_wconf 87' lang='lat' dir='ltr'><strong>tum</strong></span> <span class='ocrx_word' id='word_1_496' title='bbox 263 4015 344 4074; x_wconf 87' lang='lat' dir='ltr'><strong>erat,</strong></span> <span class='ocrx_word' id='word_1_497' title='bbox 374 4023 433 4061; x_wconf 88' lang='lat' dir='ltr'><strong>esse</strong></span> <span class='ocrx_word' id='word_1_498' title='bbox 452 4006 616 4080; x_wconf 73' lang='lat' dir='ltr'><strong>elinguem,</strong></span> <span class='ocrx_word' id='word_1_499' title='bbox 636 4007 686 4060; x_wconf 89' lang='lat' dir='ltr'><strong>sed</strong></span> <span class='ocrx_word' id='word_1_500' title='bbox 704 4025 815 4060; x_wconf 87' lang='lat' dir='ltr'><strong>smnma</strong></span> <span class='ocrx_word' id='word_1_501' title='bbox 832 4008 963 4077; x_wconf 89' lang='lat' dir='ltr'><strong>potentia</strong></span> <span class='ocrx_word' id='word_1_502' title='bbox 982 4024 1041 4062; x_wconf 89' lang='lat' dir='ltr'><strong>non</strong></span> <span class='ocrx_word' id='word_1_503' title='bbox 1059 4007 1114 4060; x_wconf 87' lang='lat' dir='ltr'><strong>nisi</strong></span> <span class='ocrx_word' id='word_1_504' title='bbox 1134 4023 1245 4059; x_wconf 88' lang='lat' dir='ltr'><strong>summa</strong></span> <span class='ocrx_word' id='word_1_505' title='bbox 1265 4005 1418 4072; x_wconf 87' lang='lat' dir='ltr'><strong>eloquen-</strong></span> 
     </span>
     <span class='ocr_line' id='line_1_53' title="bbox 179 4079 1418 4152; baseline -0.002 -19"><span class='ocrx_word' id='word_1_506' title='bbox 179 4083 221 4136; x_wconf 88' lang='lat' dir='ltr'><strong>tia</strong></span> <span class='ocrx_word' id='word_1_507' title='bbox 238 4080 339 4152; x_wconf 86' lang='lat' dir='ltr'><strong>parari</strong></span> <span class='ocrx_word' id='word_1_508' title='bbox 358 4086 488 4150; x_wconf 77' lang='lat' dir='ltr'><strong>poterat3</strong></span> <span class='ocrx_word' id='word_1_509' title='bbox 514 4080 626 4132; x_wconf 84' lang='lat' dir='ltr'><strong>oratori</strong></span> <span class='ocrx_word' id='word_1_510' title='bbox 645 4081 726 4133; x_wconf 90' lang='lat' dir='ltr'><strong>enim</strong></span> <span class='ocrx_word' id='word_1_511' title='bbox 745 4097 856 4132; x_wconf 90' lang='lat' dir='ltr'><strong>summa</strong></span> <span class='ocrx_word' id='word_1_512' title='bbox 875 4086 938 4132; x_wconf 90' lang='lat' dir='ltr'><strong>erat</strong></span> <span class='ocrx_word' id='word_1_513' title='bbox 955 4079 1129 4146; x_wconf 81' lang='lat' dir='ltr'><strong>auctoritas,</strong></span> <span class='ocrx_word' id='word_1_514' title='bbox 1156 4085 1287 4132; x_wconf 86' lang='lat' dir='ltr'><strong>senatum</strong></span> <span class='ocrx_word' id='word_1_515' title='bbox 1307 4085 1338 4130; x_wconf 89' lang='lat' dir='ltr'><strong>et</strong></span> <span class='ocrx_word' id='word_1_516' title='bbox 1357 4091 1418 4145; x_wconf 86' lang='lat' dir='ltr'><strong>po·</strong></span> 
     </span>
     <span class='ocr_line' id='line_1_54' title="bbox 179 4151 1420 4228; baseline -0.005 -22"><span class='ocrx_word' id='word_1_517' title='bbox 179 4155 282 4225; x_wconf 89' lang='lat' dir='ltr'><strong>pulum</strong></span> <span class='ocrx_word' id='word_1_518' title='bbox 301 4151 433 4228; x_wconf 83' lang='lat' dir='ltr'><strong>regebat,</strong></span> <span class='ocrx_word' id='word_1_519' title='bbox 453 4151 601 4206; x_wconf 87' lang='lat' dir='ltr'><strong>clientelis</strong></span> <span class='ocrx_word' id='word_1_520' title='bbox 621 4161 788 4206; x_wconf 83' lang='lat' dir='ltr'><strong>exterarum</strong></span> <span class='ocrx_word' id='word_1_521' title='bbox 807 4151 960 4205; x_wconf 86' lang='lat' dir='ltr'><strong>nationum</strong></span> <span class='ocrx_word' id='word_1_522' title='bbox 979 4151 1175 4215; x_wconf 72' lang='lat' dir='ltr'><strong>redundabat,</strong></span> <span class='ocrx_word' id='word_1_523' title='bbox 1204 4157 1364 4220; x_wconf 87' lang='lat' dir='ltr'><strong>praeturae</strong></span> <span class='ocrx_word' id='word_1_524' title='bbox 1385 4157 1420 4201; x_wconf 88' lang='lat' dir='ltr'><strong>et</strong></span> 
     </span>
     <span class='ocr_line' id='line_1_55' title="bbox 179 4222 1419 4290; baseline -0.006 -10"><span class='ocrx_word' id='word_1_525' title='bbox 179 4225 345 4281; x_wconf 86' lang='lat' dir='ltr'><strong>consulatus</strong></span> <span class='ocrx_word' id='word_1_526' title='bbox 364 4239 430 4278; x_wconf 90' lang='lat' dir='ltr'><strong>eum</strong></span> <span class='ocrx_word' id='word_1_527' title='bbox 449 4239 553 4278; x_wconf 78' lang='lat' dir='ltr'><strong>vocare</strong></span> <span class='ocrx_word' id='word_1_528' title='bbox 571 4225 754 4279; x_wconf 81' lang='lat' dir='ltr'><strong>videbantur.</strong></span> <span class='ocrx_word' id='word_1_529' title='bbox 802 4224 855 4277; x_wconf 89' lang='lat' dir='ltr'><strong>lll.</strong></span> <span class='ocrx_word' id='word_1_530' title='bbox 883 4227 984 4279; x_wconf 82' lang='lat' dir='ltr'><strong>Melior</strong></span> <span class='ocrx_word' id='word_1_531' title='bbox 1008 4232 1036 4277; x_wconf 90' lang='lat' dir='ltr'><strong>et</strong></span> <span class='ocrx_word' id='word_1_532' title='bbox 1065 4223 1241 4278; x_wconf 82' lang='lat' dir='ltr'><strong>exercendae</strong></span> <span class='ocrx_word' id='word_1_533' title='bbox 1267 4222 1419 4290; x_wconf 88' lang='lat' dir='ltr'><strong>eloquen-</strong></span> 
     </span>
     <span class='ocr_line' id='line_1_56' title="bbox 179 4294 1421 4366; baseline -0.006 -14"><span class='ocrx_word' id='word_1_534' title='bbox 179 4299 236 4352; x_wconf 86' lang='lat' dir='ltr'><strong>tiae</strong></span> <span class='ocrx_word' id='word_1_535' title='bbox 255 4295 501 4351; x_wconf 86' lang='lat' dir='ltr'><strong>accommodatior</strong></span> <span class='ocrx_word' id='word_1_536' title='bbox 511 4295 611 4365; x_wconf 83' lang='lat' dir='ltr'><strong>somrc</strong></span> <span class='ocrx_word' id='word_1_537' title='bbox 628 4305 746 4350; x_wconf 80' lang='lat' dir='ltr'><strong>ceteram</strong></span> <span class='ocrx_word' id='word_1_538' title='bbox 766 4297 950 4359; x_wconf 76' lang='lat' dir='ltr'><strong>iudiciorum,</strong></span> <span class='ocrx_word' id='word_1_539' title='bbox 981 4297 1011 4349; x_wconf 91' lang='lat' dir='ltr'><strong>in</strong></span> <span class='ocrx_word' id='word_1_540' title='bbox 1037 4297 1140 4366; x_wconf 90' lang='lat' dir='ltr'><strong>quibus</strong></span> <span class='ocrx_word' id='word_1_541' title='bbox 1165 4303 1237 4348; x_wconf 91' lang='lat' dir='ltr'><strong>tunc</strong></span> <span class='ocrx_word' id='word_1_542' title='bbox 1262 4295 1344 4348; x_wconf 90' lang='lat' dir='ltr'><strong>nulli</strong></span> <span class='ocrx_word' id='word_1_543' title='bbox 1367 4294 1421 4346; x_wconf 89' lang='lat' dir='ltr'><strong>ad-</strong></span> 
     </span>
     <span class='ocr_line' id='line_1_57' title="bbox 151 4367 1422 4442; baseline -0.004 -17"><span class='ocrx_word' id='word_1_544' title='bbox 151 4389 157 4402; x_wconf 91' lang='lat'><strong>·</strong></span> <span class='ocrx_word' id='word_1_545' title='bbox 179 4371 239 4425; x_wconf 87' lang='lat' dir='ltr'><strong>hnc</strong></span> <span class='ocrx_word' id='word_1_546' title='bbox 252 4370 334 4424; x_wconf 78' lang='lat' dir='ltr'><strong>freni</strong></span> <span class='ocrx_word' id='word_1_547' title='bbox 353 4369 539 4440; x_wconf 85' lang='lat' dir='ltr'><strong>eloquentiae</strong></span> <span class='ocrx_word' id='word_1_548' title='bbox 558 4370 689 4442; x_wconf 87' lang='lat' dir='ltr'><strong>impositi</strong></span> <span class='ocrx_word' id='word_1_549' title='bbox 709 4378 802 4437; x_wconf 88' lang='lat' dir='ltr'><strong>erant,</strong></span> <span class='ocrx_word' id='word_1_550' title='bbox 823 4369 915 4425; x_wconf 87' lang='lat' dir='ltr'><strong>libero</strong></span> <span class='ocrx_word' id='word_1_551' title='bbox 933 4369 1095 4425; x_wconf 87' lang='lat' dir='ltr'><strong>oratoribus</strong></span> <span class='ocrx_word' id='word_1_552' title='bbox 1115 4367 1328 4423; x_wconf 87' lang='lat' dir='ltr'><strong>addicendum</strong></span> <span class='ocrx_word' id='word_1_553' title='bbox 1350 4383 1422 4438; x_wconf 89' lang='lat' dir='ltr'><strong>spa·</strong></span> 
     </span>
    </p>
   </div>
   <div class='ocr_carea' id='block_1_5' title="bbox 0 0 1457 4802">
    <p class='ocr_par' dir='ltr' id='par_1_5' title="bbox 0 0 1457 4802">
     <span class='ocr_line' id='line_1_58' title="bbox 0 0 1457 4802; baseline 0 0"><span class='ocrx_word' id='word_1_554' title='bbox 0 0 1457 4802; x_wconf 95' lang='lat' dir='ltr'><strong> </strong></span> 
     </span>
    </p>
   </div>
  </div>
 </body>
</html>
