2858 4790
145 179 206 242 808
631 171 690 236 111.
728 171 869 238 INDEX

144 339 244 398 (210.
281 341 391 402 Drino,
411 338 586 394 Germsnico
605 337 640 390 G.
659 337 703 392 31.
723 353 750 392 n.
769 341 796 394 9.
833 355 983 408 sermone,
1007 345 1104 408 uultu,
1132 347 1198 402 sede
1217 365 1253 402 ιο
1270 349 1363 404 domi-

144 411 223 466 ciliis
242 413 279 468 G.
298 417 343 470 18.
389 413 453 465 faex
471 409 629 476 sunnonis,
657 407 740 462 loeds
758 425 792 462 ao
809 409 943 496 pudendi
960 413 1030 470 sitis
1050 417 1081 471 0.
1100 422 1144 474 32.
1163 437 1191 474 n.
1209 425 1238 478 3.
1274 423 1363 492 pede.

142 490 211 552 ster,
229 483 378 548 horridus,
399 485 565 552 incomptus
582 483 731 550 inuusque
749 481 900 538 dissimilis
921 485 957 540 H.
976 490 1005 554 2,
1025 493 1067 544 11.
1097 490 1139 544 Gt.
1158 492 1195 545 ad
1212 499 1240 558 1,
1259 497 1315 562 12,
1335 501 1359 550 1.

143 560 176 622 1,
204 559 255 620 bo,
282 563 307 614 1.
358 556 476 625 „Etiam
501 553 657 624 Participis
684 553 748 608 sine
775 553 878 624 copule
903 569 1135 630 componuntur,
1168 573 1202 618 ut
1227 567 1256 619 0,
1278 572 1306 623 3.
1332 577 1362 620 et

140 627 204 682 nis.
223 632 275 692 21,
292 631 337 686 25.
374 629 417 684 cf.
438 627 526 680 Drak.
546 626 582 680 ad
600 626 665 678 hir.
685 628 712 690 3,
730 629 776 689 38,
795 631 820 684 9.
849 627 964 683 fluunt.
985 633 1021 686 ad
1039 635 1115 688 Vell.
1134 639 1162 703 2,
1181 637 1362 696 3111111101..

141 701 252 756 emend.
272 703 337 756 biv.
357 719 386 773 p.
403 703 465 758 31.”
497 699 586 752 Boett.
606 698 639 750 in
663 697 732 751 lsex.
758 697 823 752 Tac.
844 699 925 754 LXI..

210 773 403 828 Attrsctio
441 773 470 832 1)
488 771 604 824 duorum
623 773 796 828 mmstiats'on
849 793 857 824 .·
884 775 992 846 quique
1021 778 1265 852 alii-quaeque
1283 785 1362 868 ..ωε

138 846 468 972 suissuis
483 845 819 986 su,·,o.nu‚
839 848 1362 994 munusue

137 991 168 1051 3)
186 994 217 1044 in
229 987 365 1060 formulis
382 988 457 1042 mibi
474 1005 583 1042 nomen
602 993 644 1040 est
662 987 761 1040 Vibius
778 997 806 1040 st
824 989 922 1056 Vibi03
947 1009 975 1047 v.
994 994 1031 1048 ad
1048 999 1083 1060 1,
1101 999 1146 1063 28,
1168 1003 1192 1052 1.
1230 1005 1261 1064 t)
1279 1021 1364 1071 prae.

136 1062 224 1116 dicati
239 1062 431 1118 iss'Noms'nut.
448 1079 502 1132 pro
520 1060 615 1114 Aecus.
635 1077 697 1114 cum
715 1059 874 1130 inmitibus
899 1064 962 1134 ipse
980 1083 995 1118 s
1015 1068 1170 1123 maioribus
1188 1071 1246 1126 suis
1264 1071 1361 1128 hostis

137 1134 240 1204 populi
259 1133 340 1188 Rom.
360 1151 446 1204 quem
464 1131 559 1186 socius
579 1131 703 1186 iactabat
720 1131 755 1184 H.
775 1137 807 1199 1,
825 1135 878 1199 55,
897 1137 922 1190 2.

207 1277 429 1354 Cognomina
457 1277 620 1330 Nominibus
645 1279 823 1345 praeposita,
859 1297 885 1331 v.
907 1281 1027 1336 Nomina
1044 1292 1167 1356 gentium
1185 1299 1361 1361 cognomini.

134 1349 182 1404 bua
197 1355 362 1420 postposita.

207 1421 590 1494 Comparationisusut
607 1421 688 1476 modu
737 1442 750 1475 s

154 1551 159 1559 ,
224 1503 248 1553 l.
268 1500 411 1570 uulgaris.-
438 1503 545 1568 qusnto
573 1441 847 1583 msiore'iibertatis
871 1499 1018 1584 {roagium
1046 1511 1125 1560 tanto
1152 1518 1295 1579 eruptura
1319 1513 1358 1564 ad

134 1569 276 1624 infensius
294 1572 446 1625 servitium
465 1576 496 1632 1,
515 1573 559 1625 81.
604 1576 713 1637 qusnto
731 1585 881 1640 conspicui
899 1589 927 1624 m
968 1573 975 1586 “
1009 1589 1252 1654 propugnatores,
1273 1593 1358 1638 tento

132 1640 267 1710 pluribus
286 1643 455 1700 vulneribus
474 1641 579 1699 deiecti
597 1645 633 1707 2,
651 1643 694 1696 20.
732 1658 789 1712 quo
813 1643 907 1698 msior
971 1648 1063 1702 mium
1087 1669 1241 1721 numerus,
1273 1665 1357 1712 tanto

185 1715 290 1770 tiosior
306 1723 437 1772 senectus
457 1715 491 1770 G.
511 1717 555 1772 20.
575 1743 611 1756 -
642 1713 827 1784 compositius
849 1731 936 1784 quem
955 1720 1137 1778 festinantius
1157 1729 1206 1790 15,
1225 1733 1252 1786 3.
1291 1733 1357 1784 ssi·

131 1730 197 1840 ἧς
224 1806 311 1859 quam
336 1788 495 1842 consultius
521 1788 555 1842 H.
576 1789 610 1853 2,
629 1789 673 1842 21.
711 1787 887 1842 ambitiosius
911 1805 996 1858 quem
1022 1793 1171 1852 honestius
1198 1801 1233 1856 H.
1250 1807 1287 1866 1,
1306 1808 1354 1860 to.

130 1857 202 1914 scite
220 1862 312 1936 magis
331 1879 418 1933 quam
437 1861 528 1933 probe
547 1859 583 1914 Η.
602 1864 632 1926 3,
651 1861 694 1918 82.
716 1887 752 1899 -
775 1859 941 1915 Arminium
960 1867 1056 1934 potius
1074 1869 1188 1944 glorise
1208 1889 1242 1926 sc
1260 1876 1357 1930 liber·

14 1976 16 1980 .
130 1931 196 2018 tatis
214 1950 301 2004 quam
319 1934 465 2012 Segestem
484 1933 643 2008 flagitiosae
661 1933 809 1988 servitutis
828 1933 930 1989 ducem
948 1950 1139 2008 sequerentur
1157 1950 1191 2010 1,
1210 1951 1255 2003 59.
1294 1969 1358 2004 ma-

129 2003 182 2058 siu
199 2023 291 2094 magu
309 2025 395 2078 quam
413 2008 543 2079 pereutit
560 2006 658 2061 animo
677 2011 708 2072 1,
728 2009 772 2064 57.
815 2007 904 2062 minis
930 2013 1022 2138 mffiis
1046 2031 1134 2084 quem
1152 2019 1287 2089 precibus
1307 2027 1356 2090 12,
1416 2077 1417 2098 ¹

128 2081 174 2134 12.
211 2079 286 2134 vitis
309 2081 403 2156 magis
430 2080 591 2134 siricorum
609 2097 695 2148 quem
714 2079 836 2134 virtutes
855 2079 954 2134 dsssisn
1004 2103 1037 2138 ns
1056 2089 1211 2157 11282Ἱ
1249 2095 1358 2152 nm.

124 2153 249 2222 positum
266 2161 359 2208 tarsum
377 2161 458 2208 tanto
477 2157 511 2218 1,
528 2155 574 2208 81.
612 2161 640 2206 et
667 2153 759 2227 magis
779 2157 809 2218 1,
828 2155 871 2210 57.
891 2155 924 2218 2,
943 2157 987 2212 20.
1010 2161 1125 2226 12,12.
1145 2164 1180 2217 Η.
1199 2167 1236 2232 2,
1257 2171 1302 2224 82.
1325 2176 1355 2232 3,

127 2225 171 2280 62.
207 2243 256 2278 nse
273 2243 329 2280 non
346 2241 405 2296 que
422 2226 525 2278 ὀίεὴοη
539 2243 595 2294 pro
613 2233 721 2294 quanto
741 2224 775 2278 G.
794 2228 838 2282 20.

216 2299 241 2353 2
261 2301 352 2352 missus
369 2299 513 2370 vulgaris.-

236 2373 268 2437 u)
295 2369 414 2425 Positioo
443 2373 489 2436 (ut
506 2367 730 2445 vulgoputsnt)
750 2374 842 2439 posito
855 2391 910 2444 pro
929 2375 1121 2446 Gompuruts'ro
1138 2384 1182 2436 rel
1199 2385 1357 2456 Compare-
1416 2445 1417 2448 ,

126 2445 183 2494 tiso
200 2460 252 2511 pro
270 2442 407 2507 Pusillus,
426 2451 476 2501 aut
493 2445 605 2504 omissis
622 2449 650 2495 et
668 2443 811 2498 intellectis
828 2453 924 2512 tento,
943 2456 1019 2515 tsm,
1039 2468 1072 2506 eu
1090 2455 1186 2508 maior
1203 2466 1231 2509 et
1248 2462 1356 2528 potius

126 2531 146 2564 s.
166 2516 257 2590 magis
276 2525 342 2570 ants
360 2533 455 2587 quam,
474 2523 507 2568 ut
522 2515 569 2569 Gr.
581 2514 685 2582 μᾶλλον
703 2523 767 2569 ants
787 2513 821 2583 ἦε
838 2527 945 2586 qsssnto
965 2523 1029 2592 quis
1047 2524 1166 2580 audecia
1181 2541 1354 2601 promptus,

124 2593 205 2640 tanto
223 2589 315 2674 magis
333 2587 408 2643 lidus
427 2589 567 2657 rebusque
585 2587 673 2640 motis
690 2588 789 2658 potior
805 2587 926 2644 hebetur
944 2598 976 2660 1,
994 2597 1039 2650 57.
1083 2606 1190 2666 quantu
1216 2603 1353 2674 inopina,

124 2665 205 2712 tantu
225 2677 337 2716 masos-s
355 2667 386 2728 1,
405 2664 450 2718 68.
487 2666 596 2729 quanto
614 2659 687 2712 dites
706 2667 735 2714 et
754 2662 922 2731 opulentos,
956 2675 1037 2722 tsnto
1056 2672 1147 2742 magis
1166 2672 1306 2731 imbelles
1324 2685 1352 2746 3,

123 2733 167 2786 18.
205 2739 286 2786 tanto
305 2734 454 2804 acceptius
473 2733 507 2786 in
524 2733 665 2807 vulgum,
693 2741 800 2801 quanto
818 2735 949 2792 modicus
969 2743 1057 2807 (erat)
1074 2743 1196 2811 privatis
1214 2748 1354 2804 aedifice-

123 2801 253 2857 tionibus
271 2809 306 2872 6,
324 2807 369 2862 lb.
408 2813 515 2875 quanto
535 2805 664 2858 intentus
683 2805 754 2858 olim
771 2807 904 2875 publicus
922 2812 959 2864 ad
977 2830 1078 2878 curas,
1103 2822 1182 2872 tanto
1202 2823 1354 2877 occultior

123 2875 174 2938 (al.
195 2878 338 2944 occultos)
358 2878 493 2932 inlusus
512 2876 667 2930 etmslum
687 2877 778 2930 otium
804 2881 1049 2952 resoluturum.
1097 2895 1238 2957 quantum
1259 2893 1352 2950 hebes

122 2973 159 2986 ·-
177 2953 259 3002 tanto
276 2950 446 3020 promptior
462 2949 498 3002 H.
516 2951 550 3013 2,
568 2953 612 3006 99.
650 2958 756 3018 quanto
776 2953 841 3020 quis
859 2953 979 3024 clarior,
997 2959 1092 3012 minus
1109 2961 1183 3016 fidus
1203 2963 1239 3017 Η.
1258 2971 1289 3033 3,
1305 2973 1351 3024 58.

123 3027 230 3086 quanto
255 3020 398 3074 incautius
424 3021 595 3086 efferverst,
630 3021 811 3090 poenitentia
829 3025 941 3094 patiens
959 3031 1030 3084 tulit
1048 3037 1082 3098 1,
1101 3037 1143 3088 71.
1185 3035 1350 3094 vehemen-

121 3091 180 3142 tius
199 3107 286 3158 qusm
306 3099 390 3146 csute
409 3093 443 3146 Α.
461 3095 487 3146 1
507 3117 542 3133 -
571 3099 677 3161 quanto
697 3094 761 3162 quis
780 3096 898 3152 servitio
916 3105 1096 3174 promptior,
1120 3106 1222 3176 opibus
1241 3118 1276 3164 et
1294 3111 1351 3168 ho·

121 3161 240 3216 noribiss
259 3164 473 3220 extollerentur
492 3169 527 3230 1,
544 3165 572 3218 2.
617 3171 726 3234 quanto
749 3167 864 3224 seriore
887 3172 920 3224 in
944 3191 1010 3228 eum
1037 3175 1129 3231 studia
1153 3180 1290 3237 militum
1319 3195 1350 3240 et

120 3250 221 3288 aversa
237 3236 337 3306 patrui
355 3235 506 3302 voluntas,
527 3235 696 3290 celerandae
715 3237 857 3296 victoriae
874 3243 1018 3302 intentior
1034 3251 1067 3316 2,
1085 3253 1112 3305 5.
1130 3259 1228 3322 unuum
1248 3255 1351 3312 insen.

120 3305 178 3360 sius
204 3309 299 3374 caesi,
333 3315 440 3378 quanto
470 3309 609 3383 perfugae
626 3337 662 3348 —
680 3311 758 3364 ferre
785 3329 866 3370 arms
889 3344 925 3357 —
947 3319 1201 3387 incussbsnturl,
1218 3330 1268 3382 18.
1314 3340 1351 3384 ut

121 3379 186 3447 quis
212 3379 362 3452 (quisque)
386 3379 549 3435 districtior
573 3389 737 3448 accusator,
767 3385 849 3438 velut
873 3402 1070 3448 sacrosanctus
1093 3404 1154 3450 erut
1170 3401 1205 3464 1,
1223 3403 1274 3456 36.
1313 3413 1350 3456 ut

120 3450 186 3519 quis
204 3453 337 3508 fortemne
355 3453 454 3522 inops,
482 3452 611 3507 moribus
639 3454 788 3523 turbidus,
816 3463 979 3530 promptius
1002 3465 1124 3520 ruebant
1141 3473 1175 3536 1,
1193 3474 1240 3528 23.
1289 3492 1350 3546 que
1416 3497 1417 3518 ε

119 3521 187 3591 plus
205 3524 315 3578 virium
334 3542 368 3579 sc
386 3525 509 3590 roboris,
529 3529 572 3592 (eu
589 3529 697 3591 maior)
715 3528 833 3584 tarditas
859 3549 874 3586 e
892 3533 1000 3590 fiducia
1018 3539 1113 3593 inerat
1131 3542 1167 3595 H.
1187 3547 1221 3610 2,
1242 3549 1291 3600 11.
1310 3577 1351 3588 -

119 3593 269 3650 miseratio
289 3613 375 3665 quum
393 3597 507 3650 invidia
525 3597 683 3673 augebatur
700 3603 731 3666 3,
752 3605 794 3656 17.
831 3621 933 3673 pscem
952 3626 1038 3678 quem
1057 3611 1165 3666 bellum
1184 3616 1350 3685 probabam
1416 3647 1417 3676 2

119 3669 153 3732 1,
171 3666 217 3722 58.
254 3667 363 3722 honori
381 3687 467 3740 quam
486 3669 665 3744 ignominiae
675 3669 835 3728 babendum
846 3682 874 3742 3,
886 3680 930 3735 32.
970 3682 1058 3736 claris
1076 3685 1236 3742 maioribus

117 3737 240 3792 vetustis
259 3743 290 3803 1,
309 3744 353 3798 61.
397 3741 523 3795 Drusum
548 3743 610 3796 Piso
628 3737 706 3797 hsud
722 3747 820 3800 fratris
839 3749 961 3806 interitu
980 3757 1065 3820 (tam)
1082 3763 1217 3824 trucem,
1254 3782 1349 3834 quum
1416 3785 1417 3826 ε

118 3817 230 3864 remoto
248 3813 363 3866 aemulo
383 3815 550 3882 sequiorem
569 3813 624 3868 sibi
643 3817 775 3886 sperabat
785 3824 812 3885 3,
826 3823 852 3876 8.
891 3841 927 3877 ne
947 3829 1118 3882 memoriam
1137 3835 1231 3888 nostri
1253 3839 1350 3903 (sess)
1416 3845 1417 3884 l

116 3886 171 3951 per
189 3900 350 3938 moerorem
375 3901 462 3952 quam
480 3887 550 3940 laeti
569 3888 720 3942 retineatis
738 3892 775 3955 5,
793 3896 819 3948 8.
862 3896 1002 3967 pleraque
1026 3901 1056 3956 in
1082 3921 1194 3958 summa
1219 3909 1348 3964 fortuna
1416 3949 1417 3958 ,

116 3955 253 4025 auspiciis
279 3963 309 4010 et
330 3958 474 4024 consiliis,
504 3975 590 4027 quem
618 3962 683 4016 telis
711 3969 740 4034 et
764 3965 1061 4044 manibus‘geruntur
1078 3979 1127 4041 13,
1147 3981 1173 4032 o
1211 3983 1346 4049 praedae
1416 3981 1417 4040 i

116 4040 203 4094 qusm
222 4029 423 4097 periculorum
440 4031 536 4094 ,socius
559 4033 595 4086 H.
614 4037 647 4097 3,
666 4039 710 4092 60.
749 4051 802 4088 cur
824 4039 923 4094 fratris
945 4041 1063 4100 domum
1079 4075 1116 4087 -
1134 4067 1221 4118 quam
1251 4071 1347 4124 pm.

115 4103 158 4154 tos
177 4099 275 4152 uxoris
294 4101 412 4170 petisset
429 4101 463 4154 Η.
484 4107 516 4168 3,
535 4107 578 4161 72.
615 4107 702 4160 verbe
721 4115 749 4162 et
768 4111 939 4180 conciones,
972 4131 1058 4184 quem
1076 4123 1189 4176 ferrum
1208 4132 1239 4178 et
1258 4145 1345 4182 erma
1416 4131 1417 4140 ’

114 4169 278 4224 meditantis
297 4173 332 4226 Η.
351 4176 388 4233 1,
407 4177 451 4230 76.
489 4172 612 4246 'corpore
631 4177 755 4234 condere
774 4199 859 4250 quam
879 4201 1008 4242 cremare
1028 4191 1062 4243 H.
1081 4195 1115 4260 5,
1135 4197 1161 4248 5.
1202 4197 1344 4270 volupia.

113 4247 174 4292 tum
200 4259 288 4310 quem
316 4245 495 4320 religionum
523 4257 659 4318 appetens
683 4253 777 4319 Η.’1,
803 4257 847 4310 83.
892 4259 995 4314 cedere
1023 4263 1088 4320 loeo
1106 4268 1228 4322 consilii
1249 4289 1341 4341 qoam
1416 4289 1417 4316 ε

41 4355 52 4363 .
112 4311 282 4368 formidinis
310 4317 490 4372 arbitrantur
515 4319 550 4374 G.
569 4325 595 4379 6.
634 4323 676 4394 ej.
702 4323 778 4396 Iss'ps.
808 4329 847 4382 od
869 4329 905 4384 Η.
923 4335 955 4395 3,
974 4337 1000 4390 6.
1043 4335 1116 4394 Prss.
1142 4350 1170 4394 st
1189 4341 1268 4400 Heu.
1299 4347 1342 4400 ad
1416 4335 1417 4416 i
