2756 4792
171 173 233 238 378
480 167 704 236 DlALOGUS
727 170 785 236 DE
798 161 1092 238 'ORATORIBUS
1126 208 1128 212 -

172 336 319 410 Sutigatt.
339 335 412 391 haec
431 337 595 392 annotavit:
633 337 715 390 Fieri
732 345 836 408 potest,
857 342 889 390 ut
905 329 1059 386 Dositheus
1076 331 1187 400 aliquis
1206 335 1301 382 orator
1318 344 1372 410 aput

174 410 300 464 Graecos
328 425 362 464 ec
391 417 524 482 tempore
551 410 679 476 vixerit,
708 426 766 478 quo
794 409 944 464 conditum
965 414 1007 460 est
1026 404 1083 458 hoc
1102 402 1288 473 opusculum,
1307 409 1332 451 et
1349 417 1372 448 sn

172 489 321 608 cpmparat
338 491 469 608 epterem
491 481 718 610 1411505Ῑὲ591ηεῖ
736 490 884 607 recgntem
904 477 1085 604 Dpsitheum.
1105 473 1372 602 'chaiphaettospestpppp

172 571 216 608 e.
262 571 351 608 rauco
392 573 535 608 rnmsr.
602 571 750 610 onmes·
802 572 924 607 r.—-e
963 569 988 605 ss
1024 567 1159 602 uenatus

173 645 223 679 cus
241 627 378 698 Ephesum
397 628 496 682 Ioniae
507 574 558 682 int
573 628 724 699 Mytilenas
743 591 835 682 'lesbi
861 627 982 690 urbem,
1006 569 1130 694 ippids,
1160 621 1264 692 quibus
1282 615 1372 671 scholii

172 699 377 754 rhetoricae'a
402 701 523 755 Graecis
549 701 695 787 magistris
721 701 886 765 institutae,
915 703 1027 768 quatit,
1046 701 1106 748 tota
1119 700 1284 748 commovet
1300 699 1327 743 et
1341 689 1372 774 eh

172 772 269 824 tundit
288 772 544 826 declamationibus
570 793 647 835 suis,
672 781 816 827 contentus
843 771 999 825 dummodo
1027 767 1268 830 scholasticorum,
1288 763 1372 845 audito

172 863 240 898 rum
258 863 309 899 seu
328 845 559 916 discipulorum,
579 855 678 900 coetus
697 847 877 905 clamoribus,
903 845 1008 914 plausu
1028 842 1144 916 vulgari
1163 848 1193 894 et
1212 839 1372 892 acclamatio

172 918 271 983 nibus,
303 918 359 988 ipsi
380 920 492 985 faveat,
519 920 570 988 qui
596 921 638 973 sic
657 919 783 972 multum
811 918 888 972 lucri
908 925 937 970 et
956 915 1071 992 gloriae
1091 913 1225 968 retulisse
1244 912 1372 981 ipsumque

172 989 396 1046 Demosthenem
415 1009 563 1062 superasse
582 991 638 1045 sihi
657 991 785 1058 videtur,
804 1007 971 1062 quanquam
986 987 1036 1039 hic
1055 989 1085 1042 in
1104 986 1227 1040 clariori
1248 986 1314 1037 luce
1331 995 1372 1048 ver

172 1062 285 1116 sabatur
303 1071 333 1117 et
351 1063 527 1117 orationibus
551 1065 694 1136 populum
722 1062 926 1118 Atheniensem
953 1061 1089 1135 regebat,
1115 1059 1221 1112 saturn.
1260 1056 1314 1110 Sed
1333 1055 1372 1118 iun

172 1135 267 1210 genda
285 1137 382 1206 potius
399 1136 536 1208 Ephesum
554 1141 598 1191 sel
612 1137 761 1208 Mytilenas
785 1136 951 1191 clamoribus
974 1139 1085 1206 quatit,
1111 1141 1140 1186 et
1166 1149 1221 1202 pro
1247 1136 1372 1206 contentu

172 1207 249 1278 quod
278 1209 309 1260 in
337 1207 401 1262 edd.
422 1217 478 1262 vet.
500 1219 529 1263 et
552 1211 703 1282 plerisque
728 1227 785 1264 rec.
806 1211 934 1284 legitur,
961 1205 1148 1260 scribendum
1175 1206 1313 1257 contentis
1330 1207 1372 1252 eur

171 1281 242 1332 Ern.
263 1281 341 1334 Brot.
362 1281 435 1334 hun.
456 1290 485 1335 et
502 1283 550 1336 Fr.
571 1283 644 1370 Aug.
663 1283 757 1338 Wolf.
778 1283 809 1336 in
830 1282 951 1335 Miscell.
980 1299 1007 1351 p.
1028 1285 1090 1336 163.
1126 1281 1307 1334 contentiosis
1324 1263 1372 1332 conl

171 1351 336 1432 Schulting.
357 1362 386 1408 et
402 1357 690 1410 conetautsmeinsh.
728 1356 785 1412 Sed
803 1359 940 1410 contentis
958 1354 1119 1408 censorum
1140 1351 1214 1405 dixit
1233 1353 1345 1408 Noster,
1361 1349 1372 1410 11

173 1435 305 1482 contentu
324 1446 385 1482 ecce
405 1429 463 1484 Cic.
484 1447 513 1500 p.
534 1431 631 1508 Liger.
652 1434 678 1486 3.
700 1439 729 1484 et
746 1447 788 1483 or.
811 1435 853 1487 17.
870 1437 998 1496 ¹contente
1013 1429 1099 1482 dicere
1116 1455 1152 1469 -
1172 1433 1313 1479 tormenta
1330 1421 1372 1502 relt

171 1508 290 1557 mentius
307 1510 438 1557 contenta
458 1511 486 1557 et
504 1523 556 1560 coa
574 1509 659 1558 missa
679 1511 835 1558 contentius
854 1503 915 1557 Cic.
934 1502 1020 1556 Tusc.
1046 1521 1094 1572 qn.
1114 1503 1147 1567 2,
1167 1504 1212 1556 24.
1252 1499 1372 1552 contenti

171 1581 238 1632 sime
265 1584 295 1630 et
317 1581 522 1632 contentissima
548 1596 608 1632 occe
632 1581 778 1632 clamitare
804 1576 889 1648 Apul.
909 1576 1022 1630 Florid.
1044 1578 1066 1630 1.
1086 1593 1115 1646 p.
1134 1577 1208 1638 845,
1227 1578 1274 1630 30.
1295 1581 1322 1627 et
1340 1572 1372 1636 liis

172 1659 241 1704 tam.
261 1650 301 1704 lv
319 1649 394 1704 med.
423 1669 452 1722 p.
473 1655 541 1716 147,
569 1653 595 1706 5.
617 1651 662 1704 ed.
682 1649 819 1704 Elmenh.
858 1651 1000 1703 intendere
1027 1667 1141 1722 corpus,
1165 1652 1270 1710 laten,
1293 1646 1372 1716 surra

171 1727 259 1778 aciem
277 1725 418 1777 oculorum
436 1723 497 1778 cie.
517 1725 602 1778 Tusc.
622 1725 649 1787 2,
668 1729 714 1782 23.
733 1729 760 1790 4,
781 1729 825 1780 17.
863 1724 1032 1778 clamoribus
1050 1729 1141 1796 quatit
1159 1721 1280 1792 oppida,
1301 1733 1372 1846 quup

171 1795 327 1850 admodum
345 1801 440 1868 quati,
459 1801 588 1859 concuti,
603 1802 727 1868 percuti,
746 1799 902 1858 verberari,
921 1795 1013 1866 feriri
1020 1834 1029 1862 ,
1050 1799 1181 1870 pulsari,
1208 1799 1266 1856 iri,
1288 1793 1364 1868 impel

169 1871 240 1944 pelli
267 1868 404 1922 dicuntum
431 1887 533 1936 aures,
562 1869 659 1936 oculi,
680 1871 744 1924 loca
763 1887 850 1936 voce,
878 1870 1023 1936 clamore,
1050 1869 1214 1924 rumoribus
1235 1876 1292 1922 cet.
1318 1879 1372 2000 up

171 1941 239 2018 Agr.
259 1945 304 1997 41.
324 1960 353 1996 ιι.
372 1946 399 1996 4.
428 1943 524 2014 intpp.
544 1941 597 1995 sil.
617 1945 653 2006 2,
673 1945 737 1998 589.
758 1949 793 2009 3,
812 1947 875 2000 436.
895 1947 957 1999 694.
987 1947 1019 2009 4,
1039 1948 1065 2000 7.
1103 1943 1200 1996 Valer.
1219 1942 1268 1994 Fl.
1289 1947 1321 2005 1,
1339 1943 1372 2014 14

171 2017 206 2079 2,
224 2018 268 2070 91.
289 2016 350 2070 122.
375 2017 409 2082 5,
429 2017 491 2072 273.
510 2015 610 2069 Burm.
632 2015 668 2068 ad
688 2015 770 2070 Orid.
796 2016 870 2070 Fast.
890 2019 926 2084 3,
944 2019 1008 2072 741.
1029 2025 1057 2070 et
1077 2017 1112 2069 ad
1132 2015 1259 2082 Quintil.
1280 2014 1372 2067 declar

171 2091 232 2144 3⁰1.
257 2104 286 2156 p.
311 2089 373 2143 584.
411 2086 539 2141 Brouhh.
560 2087 596 2140 ad
622 2089 706 2158 Prop.
734 2093 766 2154 1,
793 2093 892 2153 3,18.
932 2088 1078 2160 corrupta
1096 2087 1173 2160 apud
1192 2087 1322 2142 Graecos
1341 2085 1372 2140 elt

172 2159 310 2230 quentis,
333 2158 374 2211 'ut
391 2159 532 2214 Sacerdos
551 2161 682 2224 Nicetes,
703 2163 746 2214 sic
763 2161 874 2232 Ephesi
893 2170 922 2214 et
942 2163 1150 2232 Mitylenarum
1171 2159 1320 2222 rhetores,
1340 2158 1372 2220 abt

172 2241 264 2286 trusae
291 2233 448 2286 sententias
479 2241 508 2286 et
533 2233 591 2287 alte
617 2236 748 2288 sonantia
772 2235 861 2288 verbs
886 2233 1118 2306 aucupabantur,
1145 2235 1225 2288 Bret.
1267 2225 1372 2288 clamori

171 2305 398 2358 scholasticorum
416 2305 446 2358 h.
466 2306 486 2358 l.
507 2306 556 2359 vel
574 2306 737 2360 auditorum
756 2307 1027 2378 discipulorumque
1046 2309 1288 2369 acclamationes,
1309 2313 1372 2371 (nt

173 2395 235 2448 cap.
254 2381 280 2434 9.
301 2396 328 2430 n.
349 2383 376 2432 4.
396 2386 425 2431 et
443 2379 479 2432 ad
498 2379 567 2448 capi
581 2383 623 2434 14.
644 2397 673 2433 n.
693 2383 735 2444 3.)
761 2382 809 2434 vel
829 2381 960 2450 ipsorum
980 2379 1131 2434 rhetorum
1150 2381 1247 2434 oratic
1267 2381 1372 2432 clamos

173 2458 317 2505 stentorea
336 2459 363 2504 et
383 2468 488 2526 magna
506 2468 607 2506 sonans
619 2483 634 2519 ,ν
655 2471 741 2524 genus
765 2456 856 2525 ipsum
875 2455 976 2506 oraredi
994 2455 1085 2506 erebro
1101 2453 1167 2522 sori
1190 2473 1244 2507 usu
1262 2453 1372 2520 celetrep

172 2523 379 2593 adimplendas
398 2543 478 2579 aures
503 2524 592 2578 iatum
618 2527 655 2578 H.
676 2530 711 2592 1,
735 2530 778 2582 90.
816 2529 955 2596 ampullae
975 2533 1001 2579 et
1018 2529 1224 2598 sesquipedalia
1242 2527 1324 2579 aeria
1343 2525 1372 2600 Hi

172 2605 226 2650 rat.
246 2595 279 2649 A.
299 2599 327 2650 P.
349 2616 375 2650 v.
396 2601 441 2654 97.
480 2599 544 2652 Hoc
562 2607 659 2652 tamen
678 2617 827 2653 senatres
846 2599 933 2652 nimis
951 2599 984 2650 in
1003 2601 1095 2653 maius
1120 2607 1205 2652 aucta
1225 2599 1323 2652 videri
1340 2601 1372 2666 pd

172 2671 219 2723 sit.
256 2667 405 2742 Mytilenas
431 2687 486 2742 pro
515 2672 597 2745 vulg·⁴
616 2671 765 2743 Mitylenae
783 2673 885 2742 scripsi
907 2673 1042 2741 extenplo
1062 2673 1199 2726 Dronkii.
1220 2691 1249 2724 v.
1272 2671 1310 2723 sd
1328 2674 1367 2720 An

172 2747 203 2808 6,
225 2745 268 2798 18.
304 2743 532 2798 scholasticarum
556 2755 581 2796 et
607 2747 772 2798 clamoribus
797 2745 841 2798 ed.
861 2763 907 2816 pr.
927 2773 963 2784 —
999 2744 1088 2814 Afer,
1107 2763 1133 2798 v.
1153 2746 1190 2798 ad
1210 2745 1286 2798 Anu.
1308 2749 1340 2806 4,
1360 2743 1370 2760 '

173 2815 319 2869 Domitius
337 2815 409 2882 Aser
429 2825 457 2869 et
476 2817 569 2869 lulius
594 2817 748 2886 Africanus
774 2818 960 2872 celeberrimi
978 2815 1066 2870 huius
1085 2819 1149 2870 aevi
1169 2827 1312 2871 oratores.

174 2893 343 2941 concitatior
361 2889 434 2952 illo,
462 2889 510 2942 sed
526 2893 556 2940 in
575 2909 643 2943 cura
661 2894 802 2944 verboram
821 2895 923 2946 nimius
942 2899 969 2942 et
987 2895 1184 2958 compositione
1203 2909 1357 2961 nonnunqr

175 2965 290 3029 longior
307 2969 335 3012 et
354 2962 588 3014 translationibus
604 2981 708 3030 parum
726 2965 866 3024 modicus,
886 2963 1009 3031 Quintil.
1031 2968 1082 3030 1⁰,
1104 2969 1135 3031 1,
1156 2967 1217 3018 118.
1240 2963 1286 3016 Cf.
1309 2963 1360 3032 Spa

172 3033 209 3085 ad
223 3031 348 3098 Quintil.
367 3037 395 3098 8,
413 3035 446 3097 5,
466 3035 509 3086 15.
547 3033 640 3102 Alius,
662 3053 678 3090 ο
702 3037 778 3104 inor,
797 3037 886 3090 Iulius
902 3035 1071 3105 Africanus,
1091 3035 1125 3089 de
1145 3053 1202 3104 quo
1223 3055 1251 3088 v.
1274 3038 1312 3090 ad
1331 3037 1372 3108 A,

172 3109 199 3172 6,
219 3109 245 3161 7.
283 3105 326 3158 De
340 3107 442 3160 Asinio
460 3102 593 3160 Pollione
611 3125 638 3161 v.
659 3054 779 3162 nisan.
799 3115 826 3178 1,
846 3113 889 3176 12,
909 3113 936 3166 2.
956 3111 1111 3163 aGicerone
1129 3117 1179 3162 aut
1196 3113 1277 3163 sinin
1296 3111 1372 3200 (ιὰ-11

633 3234 936 3292 cerurxvn
1371 3201 1372 3294 1

256 3325 434 3414 Magnam,
456 3328 567 3412 inquit
587 3325 782 3410 Secundus,
805 3339 838 3393 et
860 3329 990 3416 dignam
1012 3341 1157 3395 tractatu
1179 3336 1353 3414 quaestion

173 3412 315 3475 movisti.
360 3407 426 3472 Sed
447 3415 522 3493 quis
548 3405 762 3479 ea'miiustius
784 3414 1022 3497 explicaverit,
1045 3437 1144 3498 quam
1165 3426 1220 3496 tu,
1244 3415 1291 3478 ad
1313 3419 1364 3478 cui

173 3515 334 3557 summam
361 3491 583 3558 eruditionem
612 3505 646 3558 et
671 3501 1003 3580 praestantissimum
1019 3502 1189 3586 ingenium
1219 3521 1307 3562 cura
1329 3521 1372 3596 qap

173 3600 236 3662 quc
258 3587 291 3640 et
311 3577 481 3640 meditatio
503 3581 663 3640 accessit?

255 3663 297 3722 Et
317 3659 475 3730 Messala,
498 3661 673 3744 Aperiam,
699 3665 827 3746 inquit,
856 3667 1072 3751 cogitationes
1094 3687 1200 3746 meas,
1231 3669 1262 3728 si
1286 3665 1368 3730 illud

173 3747 266 3890 vppis
288 3753 364 3808 ante
383 3745 628 3829 impetravero,
651 3755 761 3812 utros
779 3767 911 3832 quoque
933 3769 1120 3812 sermonem
1141 3751 1230 3814 hunc
1253 3762 1351 3813 nostr

173 3849 193 3890 a
219 3831 348 3890 'uirens
1020 3847 1024 3854 ’

257 3912 322 3973 Pro
344 3910 494 3992 duobus,
516 3915 626 3997 inquit
646 3911 838 3995 Maternus,
861 3919 1036 3999 promitto:
1059 3937 1134 3979 nam
1156 3926 1190 3979 et
1211 3939 1273 4004 ego
1298 3887 1372 3984 etS

174 3995 303 4062 cundus
325 4014 544 4078 exsequemur
565 4005 695 4080 partes,
718 4021 799 4082 quae
815 4000 1072 4064 intellexerimus
1089 4010 1122 4062 te
1143 4011 1304 4064 nontam
1328 4017 1372 4088 cup

176 4085 279 4160 sisse,
301 4099 399 4162 quam
419 4079 516 4140 uobis
538 4083 721 4164 reliquisse.
764 4085 894 4166 Aprum
915 4087 1004 4146 euim
1025 4085 1132 4148 solere
1153 4083 1354 4160 dissentire,
1371 4093 1372 4168 1

177 4173 214 4228 tu
236 4165 333 4248 paulo
354 4169 430 4223 ante
452 4159 585 4244 dixisti,
627 4173 661 4228 et
688 4169 760 4249 ipse
792 4170 871 4228 eatis
901 4171 1094 4231 manifestus
1117 4178 1168 4230 est
1187 4171 1253 4231 iam
1279 4169 1372 4264 dudit

177 4251 211 4308 in
233 4247 439 4310 contrarium
460 4250 553 4308 accin
580 4249 608 4327 ⁸,
635 4269 696 4310 nec
716 4269 823 4332 aequo
844 4253 956 4314 animo
977 4256 1129 4335 perferre
1149 4253 1234 4315 hanc
1256 4263 1372 4318 nostra

177 4351 239 4413 pro
259 4331 474 4412 antiquorum
496 4332 550 4394 lau
573 4351 592 4395 e
612 4331 831 4396 concordiam.
