2792 4792
344 237 484 304 CAPUT
513 237 673 306 XXXIV.
695 239 837 306 XXXV.
890 269 895 282 ·
1144 241 1203 308 153

45 400 76 454 se
87 403 147 456 nulla
161 403 331 459 Graecorum
348 407 542 462 mentio'ante
559 407 653 472 secu,
680 414 709 460 et
732 407 918 460 consensissem
929 403 1047 460 'dietum
1065 415 1098 460 ut
1116 425 1202 478 supra

43 481 161 530 uiuente
177 495 202 530 r.
220 479 255 531 ad
272 496 334 548 cap.
355 483 381 535 8.
401 497 429 534 n.
450 483 476 535 5.

84 553 102 602 1
130 548 177 601 Nee
191 549 279 618 deserit
294 553 426 606 medentia
444 555 485 619 (v.
506 552 542 606 ad
558 552 632 604 Ann.
652 552 702 616 15.
721 551 772 616 53,
794 551 833 616 1.)
859 547 990 602 tentandi
1009 549 1154 606 Oceanum
1172 561 1202 606 et

42 619 115 672 neum
130 622 328 693 Herculemque
347 612 514 693 inquirendi
531 627 625 678 Drueo
645 625 824 683 Germanico,
847 621 958 687 nmen,
986 623 1073 675 fratri
1091 625 1202 680 Tiberii

42 693 159 767 etuguti
174 697 326 823 privigno,
346 698 395 750 oui
415 713 448 751 eo
471 713 577 751 nomen
596 698 755 750 Gumauici
773 695 878 747 datium
907 713 934 746 v.
954 691 1032 750 Suet.
1054 697 1154 751 Claud.
1176 703 1200 752 1.

42 771 59 814 et
74 764 113 817 Dio
126 769 167 830 55,
192 770 217 823 2
273 768 309 822 ed
337 769 416 822 addit
469 770 576 823 scitus:
604 789 668 823 mor
688 786 767 822 nemo
795 771 916 820 tentavit
934 782 973 818 ec.
994 767 1152 836 Oceanum,
1173 777 1202 824 et

41 839 138 890 orturis
152 839 207 910 ipse
223 842 357 894 namvit
381 841 454 895 Anu.
474 845 506 908 2,
531 847 559 898 e.
578 843 622 898 23.
642 845 687 898 21.
712 857 807 908 neque
830 839 921 892 nodus
940 839 1066 894 solvitur
1083 850 1202 896 annota-

41 907 89 960 n'ue
101 910 220 965 Ernestii:
239 913 430 967 Germanicus
451 916 588 968 Oceanum
607 923 718 968 tentum
737 917 872 972 tentavit,
892 909 997 980 ut'per
1016 931 1082 967 eum
1100 915 1202 990 ingre·

41 977 241 1038 mutuum
259 985 345 1054 fines,
373 1004 431 1040 non
458 995 491 1039 ut
509 991 662 1058 inquireret
680 986 715 1040 de
732 987 823 1038 famae
842 984 973 1038 veritate.
1011 986 1088 1040 Hinc
1105 989 1202 1042 Passo-

40 1051 167 1109 buteram
181 1059 291 1128 potabit
310 1059 451 1113 emendat.
471 1059 602 1114 Freinsh.
640 1061 734 1112 Druso
757 1065 785 1110 et
804 1059 983 1117 Germoreico,
1012 1058 1104 1114 donee
1123 1061 1202 1129 quis·

41 1127 266 1202 computaverit,
295 1131 517 1200 Gennanicum,
544 1132 633 1184 Drusi
654 1131 765 1195 filium,
791 1131 914 1182 Drusum
934 1130 1124 1184 Germanicum
1143 1133 1202 1186 dici

40 1212 94 1262 pree,
109 1199 140 1253 ita
154 1210 183 1254 ut
199 1203 234 1257 de
252 1203 309 1256 hoe
326 1220 385 1257 uno
405 1222 498 1259 sermo
518 1205 563 1258 sit.
601 1205 711 1257 Eodem
730 1217 812 1256 sensu
823 1203 994 1278 interpungi
1007 1221 1090 1274 posse
1100 1205 1201 1268 Druso,

40 1268 151 1325 θιπιιωιίω
171 1275 346 1328 arbitrantur
362 1278 404 1330 V.
425 1277 460 1330 D.
486 1277 517 1330 in
541 1275 664 1348 prem.
692 1276 737 1328 lit.
765 1275 830 1328 Jen.
854 1293 879 1328 a.
909 1277 987 1331 1818.
1012 1296 1051 1330 m.
1079 1279 1152 1330 Nor.
1173 1287 1201 1332 et

41 1338 88 1394 fite.
102 1353 127 1396 ut
139 1346 296 1417 Asyndeton
314 1350 352 1402 sit
371 1356 399 1402 et
418 1351 523 1420 copula
542 1349 646 1403 omissa
672 1350 750 1402 inter
774 1348 893 1401 nomina
909 1365 964 1416 pro
988 1351 1045 1416 ria,
1069 1359 1102 1402 ut
1121 1351 1199 1404 volt.

39 1416 126 1482 Ι,1.2,
141 1423 180 1474 211.
196 1421 245 1474 ubi
270 1439 297 1474 r.
324 1420 440 1475 Ruhnk.
470 1425 506 1475 ci.
526 1423 588 1475 ind.
609 1423 662 1476 111.
686 1440 713 1474 v.
733 1421 876 1490 Atyndetu
895 1427 924 1474 et
943 1365 985 1474 ad
996 1440 1058 1492 cap.
1080 1429 1104 1476 1.
1125 1441 1152 1476 n.
1173 1428 1199 1480 3.

38 1484 95 1539 ”tw
109 1489 303 1565 Gcmmieoque
322 1495 396 1547 coni.
417 1496 496 1549 Hess.
515 1521 549 1536 -
574 1497 622 1548 eud
643 1495 755 1548 obstitit
776 1494 915 1552 Oceanus,
943 1501 976 1546 ut
999 1513 1042 1565 ap.
1063 1497 1133 1550 Hor.
1154 1496 1200 1548 od.

37 1557 55 1642 b
71 1563 94 1624 3,
110 1567 145 1620 bd
181 1567 337 1638 Quicunque
354 1569 457 1621 mundo
473 1573 609 1622 terminus
627 1569 750 1629 occidite
779 1567 854 1620 Here.
891 1567 1005 1620 obstitit
1026 1568 1148 1621 Oceanue
1165 1597 1202 1610 -

36 1638 117 1699 equire,
131 1638 199 1706 quod
216 1639 291 1694 Pedo
309 1639 404 1693 Albin.
425 1659 452 1694 v.
471 1643 516 1695 20.
537 1641 601 1694 Diis
619 1639 738 1692 tribuit:
763 1641 818 1692 Dii
835 1647 964 1694 revocant
981 1640 1201 1703 (Gennaoicum

37 1700 56 1784 ³}
67 1705 160 1780 00ch
177 1730 317 1785 rerumque
333 1721 431 1766 vetunt
448 1731 606 1785 cognoeeere
619 1714 714 1786 finem.
752 1713 864 1766 obetitit
882 1716 1005 1782 inquiri,
1030 1731 1086 1782 qua
1104 1713 1201 1766 analo·

36 1777 116 1905 mi
130 1792 214 1852 potest
232 1787 362 1856 impediit
380 1791 491 1858 inquiri
511 1805 566 1858 pro
594 1805 647 1858 quo
665 1791 760 1839 minua
778 1789 977 1856 inquireretur.-
1000 1785 1050 1840 sed
1068 1785 1200 1838 Tacitum

118 1864 205 1924 putem
224 1862 397 1930 inquirentie
414 1859 483 1914 Erre.
515 1858 879 1932 Noncpusest31nng.-
896 1857 960 1910 Mon
977 1877 1054 1912 nemo
1072 1861 1201 1920 tentavit,

37 1933 52 1968 i·
66 1923 169 1981 eddon.
188 1933 240 2000 15,
270 1937 325 1998 17,
355 1937 380 1986 1.
417 1934 475 1999 „in
499 1933 555 1986 MS.
580 1933 650 1986 Tur.
679 1933 722 1987 ed.
743 1949 789 2002 pr.
810 1933 848 1984 Po
871 1948 897 2006 g.
919 1929 1009 1986 Rhen.
1047 1929 1201 1994 temptauit,

36 2005 133 2064 ttflptnra
147 2003 263 2058 minime
281 2005 439 2058 dunnendn
458 2024 524 2059 cum
545 2006 658 2060 Grotef.
679 2007 778 2059 Gram.
798 2003 831 2057 Τ.
842 1949 880 2058 ἦ.
900 2001 930 2072 §-
951 2009 1012 2062 186.
1032 2023 1059 2058 v.
1080 2006 1199 2060 Nolten.

36 2061 77 2116 ¹¹²²
89 2073 158 2126 tntib.
176 2081 201 2142 l,
219 2081 282 2132 11⁰.
303 2085 332 2130 et
350 2077 428 2148 inpr.
447 2077 583 2132 Schneid.
604 2079 734 2132 Gramm.
753 2079 776 2146 1,
796 2079 822 2132 2.
842 2093 871 2147 p.
885 2080 1007 2148 ibfleeq.
1030 2079 1066 2133 de
1084 2079 1201 2148 triplici

35 2134 91 2194 fetor
106 2153 178 2209 tento,
194 2157 288 2212 temto,
306 2158 410 2220 tempto
428 2159 563 2206 accurate
582 2151 807 2223 disputantem.”
825 2151 900 2204 Hm.
920 2151 982 2206 cf.
1002 2153 1037 2206 ad
1054 2152 1090 2204 H.
1111 2157 1137 2218 1,
1155 2155 1212 2220 48,

34 2209 49 2258 t

60 2217 117 2340 Ἥ
131 2219 300 2368 Αειξιιιιὶἑίἳιιῗᾷιιι
317 2325 353 2338 -
370 2299 474 2350 eredere
489 2315 574 2387 quarn
591 2301 677 2352 seire:
695 2297 736 2350 ita
754 2305 783 2351 et
798 2313 843 2366 ap.
855 2297 960 2349 Minue.
972 2292 1033 2345 Fel.
1053 2294 1085 2346 in
1103 2297 1199 2353 Octar.

32 2353 78 2414 bl·
91 2362 229 2434 Gauium
250 2369 338 2442 long.
379 2372 448 2426 Θεὸν
466 2367 553 2440 νομιζε
572 2377 628 2426 nui·
637 2370 734 2441 σέβου,
757 2367 874 2438 {desidi
891 2369 928 2439 μή
947 2364 1089 2433 Philotan
1115 2372 1198 2424 Celer.

69 2433 161 2492 sutton
176 2443 274 2510 potius
293 2443 393 2512 aetatis
413 2461 496 2510 suae,
517 2460 603 2512 quam
622 2461 658 2496 ex
675 2461 726 2496 sua
744 2443 837 2514 ipsius
854 2449 958 2494 natura
976 2438 1050 2490 dixit
1068 2441 1200 2510 Tacitue3

32 2495 96 2556 (Μ
124 2511 194 2566 Haec
210 2517 354 2569 sententia
373 2516 568 2570 Romanorum
588 2517 814 2569 excusandorum
834 2531 917 2567 causa
934 2512 1067 2582 prolata,
1098 2517 1200 2582 quibus

32 2585 70 2696 Ξῖ
78 2581 263 2712 ἶξὲιέἆῃῗιιαε
281 2589 374 2642 Druso
395 2589 586 2656 Germanico,
606 2587 663 2640 fuit
680 2589 832 2656 audentia3
861 2587 983 2639 Gebauer
1000 2601 1027 2653 p.
1048 2588 1110 2642 829.
1130 2594 1200 2642 orire

413 2808 606 2863 CAPUT
652 2807 763 2862 XXXV.

79 2907 228 2982 Hactenus
259 2919 295 2979 in
327 2917 539 2992 Occidentem
561 2917 774 2982 Germaniam
796 2917 960 2980 novimus.
1004 2915 1043 2978 ln
1065 2913 1202 3000 Septen·
1302 2913 1305 2917 ’

31 2988 125 3058 iitnem
142 3003 265 3089 ingenti
286 3004 375 3065 flexu
396 3002 493 3066 redit.
535 3005 585 3066 Ac
615 3006 724 3086 primo
745 3005 856 3065 statim
878 2997 1089 3062 Chaucorum
1110 3022 1200 3100 gens,

30 3087 164 3158 uuquam
182 3088 324 3168 incipiat
338 3106 364 3147 a
384 3087 499 3149 Frisiis
521 3107 559 3148 ac
580 3095 710 3170 partem
731 3088 840 3148 liteiris
861 3094 1019 3168 occupet,
1041 3105 1200 3162 omniurn,

31 3169 78 3228 tus
99 3172 235 3248 exposui,
267 3173 415 3256 gentium
444 3171 602 3233 lateribus
631 3169 842 3249 obtenditur,
877 3166 981 3228 donec
1008 3170 1044 3229 in
1066 3166 1202 3231 Chattos

32 3251 266 3320 verumutetur.
311 3252 394 3314 Tam
421 3257 619 3316 immensum
646 3263 816 3315 terrarum
838 3254 981 3334 epatium
1002 3269 1068 3313 non
1090 3261 1203 3314 tenent

31 3326 114 3390 tntum
132 3331 271 3410 Chauci,
299 3335 357 3398 sed
384 3346 417 3400 et
437 3339 596 3422 implent,
629 3339 772 3422 populus
793 3337 883 3398 inter
904 3333 1087 3396 Germanos
1109 3337 1203 3396 nobi-

31 3399 128 3476 lisinas
160 3423 283 3503 quique
306 3421 567 3508 magnitudinem
596 3441 690 3483 suam
716 3422 809 3481 malit
834 3420 962 3480 iustitia
983 3421 1082 3480 tueri.
1124 3415 1203 3480 Sine

30 3495 177 3582 pridiem,
217 3507 290 3567 eine
310 3507 525 3588 impotentia,
561 3507 666 3588 quieti
688 3505 874 3585 secretique
904 3503 995 3564 nulla
1020 3511 1204 3584 provocant

31 3577 87 3646 utta,
104 3588 192 3650 nullis
212 3589 365 3672 raptibus
387 3599 445 3652 eut
466 3591 648 3652 latrociniis
669 3589 882 3672 populantur.
927 3583 969 3646 Id
988 3587 1204 3668 praecipuum
1298 3611 1305 3622 ·

29 3657 121 3728 tinufig
139 3690 175 3732 ac
195 3675 324 3735 virium
345 3683 578 3758 argumentum
600 3681 670 3748 est,
695 3669 802 3754 quod,
817 3677 863 3733 ¹ut
883 3671 1072 3752 superiores
1093 3678 1204 3755 agant,

31 3755 69 3801 iifl
87 3770 137 3830 per
162 3756 305 3817 iniuriae
331 3766 563 3839 assequuntur.
614 3757 771 3838 Prompta
801 3763 910 3819 tantm
939 3754 1091 3815 omnibus
1111 3775 1204 3816 arma

30 3839 63 3902 ὅθι
84 3835 106 3894 ti
129 3859 180 3901 res
208 3849 324 3924 poscat
355 3844 540 3922 exereitus,
571 3841 752 3924 plurimum
779 3840 932 3900 virorum
956 3855 1203 3922 equorumque3

31 3915 279 3993 ‘incusantibus
300 3923 412 3990 eadem
435 3929 531 3988 fama.

73 4037 90 4085 l·
120 4044 148 4092 in
164 4043 335 4096 occidentum
352 4059 392 4095 ee.
412 4060 531 4106 versus3
552 4040 655 4096 canet.
673 4067 709 4080 ·-
727 4039 761 4093 In
773 4039 992 4110 Septentrionem
1008 4043 1119 4110 ingenti
1125 4038 1203 4106 flexu

32 4099 85 4163 etit,
104 4113 147 4176 qui
169 4131 233 4186 cap.
253 4120 289 4172 37
302 4133 347 4187 pr.
366 4120 446 4169 sinus
470 4115 585 4168 dieitur.
625 4113 669 4168 Cf.
695 4113 731 4166 ad
750 4130 811 4182 cap.
832 4117 858 4166 1.
878 4130 906 4164 n.
925 4114 951 4166 2.
990 4113 1075 4164 Hunc
1094 4110 1201 4168 ilerum

33 4166 98 4256 sFini
113 4182 300 4242 Chersonesus
319 4187 463 4242 Cimbrica
491 4205 542 4242 eeu
560 4187 670 4252 Dania,
700 4203 785 4254 quam
805 4185 921 4238 Tacitus
941 4184 1032 4258 magis
1052 4191 1200 4236 curvatam

32 4245 63 4295 '⁵¹⁵¹
75 4260 96 4302 tt
111 4262 284 4314 rotundatum
304 4260 449 4335 tingebat,
470 4279 555 4332 quam
575 4261 741 4335 angulatum
759 4258 1026 4326 acuminatamque3
1045 4255 1134 4308 Diitb.
1161 4258 1203 4308 in-

33 4327 151 4389 ΝΜ
167 4335 250 4402 quasi
260 4332 362 4403 suetos
383 4335 485 4389 cunti.

75 4397 92 4449 2
121 4407 157 4457 Ae
178 4412 273 4476 primo
298 4407 337 4476 (A
351 4412 444 4478 primo
468 4408 525 4463 MS.
545 4409 636 4483 Long.
663 4403 742 4475 quod
764 4419 823 4457 non
840 4400 1034 4472 spemendum
1053 4399 1203 4453 videbatur
