2904 4802
183 221 245 285 370
490 212 714 278 DIALOGUS
738 214 795 278 DE
818 211 1104 280 ORATORIBUS.

186 382 236 436 vel
254 399 271 435 a
289 379 386 435 verbis
406 379 545 433 laborat.'’
568 381 672 436 Osann.
710 379 824 436 Vellem
844 381 972 438 rationes
991 380 1153 434 adiecisset.
1172 407 1208 419 -
1239 381 1280 432 sie
1301 377 1441 432 oracula

188 453 385 527 loquebantur,
410 453 558 517 versibus,
578 455 681 524 quibus
701 454 902 524 antiquissima
920 454 1108 508 oraculorum
1128 468 1265 522 responsa
1284 451 1439 506 contine-

187 525 306 593 bantur,
326 534 360 578 ut
377 525 426 582 vel
446 543 481 578 ex
499 527 647 580 Herodoto
667 535 803 598 apparet3
825 526 930 579 Seisulz.

257 621 283 674 3.
322 619 443 670 lucrosae
461 615 543 669 buius
562 625 591 668 et
608 620 807 690 sanguinantis
826 619 1010 686 eloquentiae,
1033 631 1071 668 sc.
1093 613 1270 684 delatorum,
1291 616 1343 684 qui
1365 615 1435 667 illa

101 697 106 708 ¹
187 692 223 746 ad
248 690 381 760 pericula
406 697 435 741 et
461 688 626 758 perniciem
655 689 781 741 aliorum
808 695 945 754 utuntur;
982 689 1090 742 Gesner.
1119 689 1149 740 in
1168 688 1254 742 Thes.
1275 697 1303 742 et
1326 689 1434 742 Oberl.

186 766 263 832 Quae
287 761 422 833 pecuniis
448 779 483 814 ex
508 762 651 814 clientum
676 759 823 830 marsupio
849 761 958 814 elicitis
977 760 1103 814 abundat
1124 768 1152 814 et
1172 762 1253 830 quasi
1273 761 1437 835 sanguine

185 844 299 902 manat,
318 836 433 888 For-celi.
466 834 685 898 „Adumbratur
701 834 876 901 eloquentia,
897 849 970 903 quae
988 849 1047 885 non
1066 834 1268 888 innocentibus
1287 835 1436 903 patroci-

185 911 269 964 nium
288 908 421 980 praebet,
441 907 492 960 sed
510 925 568 976 qua
587 906 748 972 dolatores,
776 905 898 958 avaritia
918 915 946 960 et
964 905 1139 960 cmdelitate
1158 907 1253 968 ducti,
1281 914 1435 968 utuntur,

185 991 219 1036 ut
237 981 295 1035 reis
313 980 479 1052 periculum
499 980 603 1050 capitia
621 979 750 1032 inierant
769 979 944 1048 lucrumque
963 979 1030 1034 inde
1050 987 1179 1050 captent:
1216 997 1281 1032 nam
1300 983 1437 1050 sangui-

188 1073 270 1116 nare,
295 1051 450 1124 αἱμάσσειν,
476 1069 536 1106 non
554 1051 649 1105 solum
668 1059 710 1106 est
728 1049 899 1126 sanguinem
920 1053 1070 1118 emittere,
1100 1052 1178 1120 quod
1198 1051 1313 1122 Lipsius
1332 1061 1435 1104 autu-

188 1129 303 1193 mabat,
328 1125 373 1194 (ut
401 1133 479 1178 arius
503 1129 708 1196 sanguinantes
732 1131 762 1178 et
788 1125 903 1177 vulnera
929 1129 1134 1196 anseg-uincatis
1157 1143 1201 1194 ap.
1226 1125 1347 1192 Quintil.
1373 1125 1437 1176 dc-

189 1202 273 1255 elam.
294 1204 344 1265 lo,
363 1203 390 1255 9.
411 1205 440 1251 et
459 1201 515 1264 18.)
543 1197 592 1252 sed
619 1198 705 1251 etiam
734 1197 923 1274 sanguineum
953 1197 1082 1251 colorem
1103 1205 1131 1252 et
1150 1198 1277 1250 animum
1298 1215 1374 1268 prae
1398 1213 1436 1248 sc

187 1279 285 1336 terre,
316 1287 373 1341 quo
399 1287 483 1324 sensu
511 1269 607 1324 Solin..
629 1269 660 1322 in
685 1269 805 1324 Pontico
823 1287 850 1322 v.
870 1273 897 1324 6.
919 1269 994 1322 dixit
1012 1273 1167 1342 sanguinat
1185 1271 1307 1323 undeet
1327 1269 1432 1340 Apul.

187 1351 254 1400 Met.
275 1346 307 1397 V.
329 1343 401 1397 sned.
421 1359 449 1412 p.
471 1347 539 1408 161),
559 1346 603 1398 211.
624 1341 667 1397 ed.
688 1341 826 1396 Elmenh.
858 1351 1009 1412 serpentem
1033 1361 1134 1398 veneno
1159 1347 1244 1396 nasio
1261 1345 1333 1396 coila
1355 1362 1438 1396 san-

186 1419 380 1493 guinantem.’'
407 1416 511 1470 Subula.
549 1415 627 1468 Talis
645 1415 702 1468 fuit
726 1416 892 1484 eloquentia
910 1417 1082 1491 sanguisuga
1100 1417 1184 1486 Eprii
1203 1425 1232 1469 et
1250 1415 1347 1478 Vibii,
1391 1415 1435 1467 de

132 1513 136 1520 ·
187 1491 291 1562 quibus
310 1509 337 1543 v.
358 1506 419 1560 cap.
440 1493 464 1544 5.
485 1493 510 1544 8.
532 1496 560 1542 et
580 1488 642 1540 Ind.
680 1487 723 1542 Gt.
744 1487 779 1540 ad
800 1503 861 1556 cap.
883 1492 908 1542 1.
930 1506 957 1540 n.
977 1494 1003 1544 3.
1040 1493 1243 1561 sanguinariae
1262 1505 1320 1541 non
1341 1489 1436 1540 snale

188 1564 262 1619 coni.
293 1562 383 1617 Salin.
409 1569 439 1614 et
463 1563 525 1632 Bip.
551 1551 593 1612 ut‘
609 1577 653 1630 ap.
679 1560 751 1614 Plin.
772 1577 815 1630 ep.
834 1565 868 1626 1,
887 1563 931 1616 22.
968 1565 1173 1634 sanguinariae
1190 1566 1344 1616 sententiae
1368 1561 1436 1614 Ga-

77 1675 87 1699 ,
187 1637 257 1690 tulli
276 1634 423 1689 Messalini
451 1643 479 1689 et
503 1651 517 1688 e
540 1633 640 1686 .Plin.
662 1633 698 1686 bl.
717 1633 754 1685 Ν.
776 1637 819 1698 19,
839 1635 882 1688 53.
920 1637 1139 1706 sanguinarium
1162 1654 1321 1706 responsam
1347 1635 1434 1687 Tar·

189 1709 284 1780 quinii
302 1707 434 1778 Superbi.
473 1706 509 1760 Se
547 1705 664 1759 Tacitus
684 1706 770 1760 etiam
791 1721 877 1757 novas
897 1722 981 1759 voces
1000 1707 1143 1784 effingere
1158 1709 1238 1763 solet.
1275 1711 1437 1778 sanguine

187 1785 334 1836 manantis
353 1795 429 1832 corr.
449 1777 546 1833 Sobel.
568 1787 596 1832 et
615 1781 777 1849 saginantis
791 1777 868 1846 Lips.
884 1786 916 1829 ut
934 1787 1090 1850 utrumque
1110 1781 1261 1851 epitheton
1280 1781 1316 1834 ad
1336 1795 1434 1832 com·

187 1855 305 1909 modum
325 1854 478 1906 lucmmve
497 1853 649 1904 reieratur.
688 1850 743 1918 „ld
763 1850 873 1924 legitur
892 1851 923 1901 in
947 1853 990 1905 ed.
1018 1853 1095 1906 lunt.
1123 1863 1150 1907 ct
1177 1863 1263 1908 recte.
1302 1851 1355 1907 Sic
1388 1857 1438 1902 rei

184 1929 312 2001 publicae
334 1928 475 1996 snguine
497 1927 664 1995 saginaretur
689 1941 733 1992 ap.
759 1921 821 1974 cic.
847 1921 975 1977 Sestiana
1000 1923 1031 1995 §2
1051 1929 1094 1981 78.
1115 1927 1165 1979 ubi
1182 1935 1280 1980 tannen
1298 1929 1436 1996 sangui-

186 2007 292 2056 rsantssr
309 1998 366 2052 duo
386 1997 468 2052 codd.
489 1997 573 2050 Rern.
597 2005 626 2049 et
645 1996 778 2066 optimi.”
810 1995 892 2050 Oreii.
930 1997 975 2050 lta
1000 2004 1132 2071 saginari
1154 2000 1268 2068 saepius
1293 1999 1432 2063 dicitur,

187 2091 245 2128 non
265 2087 335 2126 vero
355 2070 538 2140 simpliciter.
559 2097 595 2110 -
622 2073 705 2122 males
723 2069 842 2122 nectibus
860 2075 958 2130 natus,
985 2089 1013 2125 r.
1034 2071 1070 2126 sd
1087 2073 1122 2125 ll.
1142 2077 1175 2137 1,
1194 2077 1248 2138 61,
1268 2076 1294 2128 2.
1313 2101 1355 2116 -·-
1398 2081 1433 2123 ut

187 2156 219 2200 tu
235 2145 368 2270 dicebas,2
384 2144 473 2212 Aper,
502 2147 533 2196 in
557 2145 647 2197 iocum
675 2145 886 2212 uituperetis,
919 2146 995 2196 cons.
1024 2145 1060 2198 ad
1085 2161 1147 2216 cap.
1167 2149 1193 2200 5.
1218 2164 1245 2199 n.
1266 2148 1292 2202 5.
1325 2153 1361 2200 et
1393 2144 1435 2196 ad

186 2221 260 2271 Ann.
281 2221 331 2278 16,
368 2219 394 2270 7.

256 2311 282 2362 lt
323 2314 354 2358 ut
372 2323 446 2359 more
465 2313 561 2359 nomo
579 2308 693 2376 laquem
723 2321 804 2358 more
822 2313 991 2375 poetarum,
1024 2309 1074 2378 qui
1102 2309 1250 2362 celebrant
1276 2308 1434 2362 car-enini·

184 2381 236 2433 bus
255 2397 375 2432 aureum
399 2379 563 2443 saeculum,
598 2378 701 2431 Selenis.
722 2407 758 2416 -
791 2383 940 2432 criminum
963 2385 1045 2450 inops
1073 2383 1160 2435 tacite
1189 2381 1267 2452 Lips.
1293 2399 1331 2434 ea
1363 2379 1430 2434 MS.

184 2453 272 2506 Farn.
312 2451 355 2504 Gi.
377 2451 413 2503 ad
432 2467 455 2502 c.
478 2455 501 2505 1.
523 2469 551 2504 n.
572 2457 597 2508 3.
618 2469 655 2504 cr.
675 2455 765 2520 impos
785 2451 846 2506 edd.
868 2462 923 2504 ret.
944 2483 979 2494 -
1005 2461 1097 2524 poetis
1116 2463 1143 2506 et
1162 2455 1269 2507 uatibus
1288 2454 1432 2506 abunda-

184 2527 251 2578 bat:
269 2525 309 2577 ita
328 2523 403 2576 MSS.
424 2522 487 2574 Vst.
508 2532 537 2576 et
556 2523 620 2577 edd.
640 2524 718 2577 Brot.
740 2523 811 2586 Ern.
833 2523 897 2593 Bip.
919 2525 955 2579 al.
972 2532 1065 2597 poetis
1085 2527 1235 2582 exciderat
1249 2528 1279 2579 in
1300 2527 1349 2580 ed.
1376 2545 1429 2596 pr.

183 2599 309 2651 abundat
327 2596 389 2650 edd.
410 2603 466 2648 vet.
488 2604 517 2650 et
536 2597 614 2666 Lips.
636 2624 666 2638 -
695 2597 757 2649 bene
768 2595 855 2666 sarta
874 2597 902 2652 le
924 2617 972 2663 aa,
993 2617 1052 2654 non
1072 2600 1229 2668 benefacta,
1249 2599 1429 2664 beneficta;

185 2671 290 2724 Scbuiz.
328 2667 481 2721 Praeclara
499 2669 647 2736 facinora,
686 2678 719 2722 ut
747 2615 1333 2742 1118111.831.9.11Ριόρ.2,1,1.,
1368 2673 1428 2725 Dr.

183 2744 233 2798 Sic
252 2759 280 2797 et
298 2743 370 2794 male
389 2741 531 2804 admissa,
551 2741 586 2796 dc
605 2759 663 2811 quo
682 2761 709 2794 v.
730 2743 767 2796 ad
785 2745 859 2794 Ann.
881 2747 935 2810 11,
954 2749 980 2799 1.

256 2835 283 2889 5.
321 2830 377 2884 Nee
395 2835 462 2885 ullis
481 2839 531 2884 aut
549 2835 645 2902 gioria
663 2837 756 2886 maior
768 2841 820 2884 aut
832 2835 1080 2904 augustiarbonor
1094 2835 1157 2890 edd.
1172 2849 1231 2888 rec.
1245 2851 1279 2886 ex
1295 2836 1428 2888 emend.

185 2905 264 2976 lsips.
293 2907 390 2976 gioria
407 2921 483 2956 more
501 2911 552 2956 aut
570 2909 718 2975 augustior
736 2905 826 2959 bonor
843 2923 867 2957 c.
888 2907 974 2959 Fern.
1000 2911 1096 2978 gioria
1123 2913 1152 2960 in
1176 2925 1223 2959 ore
1249 2905 1326 2960 MSS.
1350 2908 1426 2962 Vat.

183 2979 216 3031 in
243 2977 349 3047 quibus
373 2984 439 3046 post
464 2975 539 3030 baec
566 2977 654 3030 rerba
678 2979 801 3031 duorum
821 2979 952 3032 triumve
971 2981 1126 3034 verborum
1146 2980 1251 3032 lacuna
1270 2986 1322 3031 est.
1371 2981 1428 3034 Sic

184 3059 213 3104 et
231 3049 264 3104 in
282 3049 345 3102 edd.
365 3055 422 3102 vet.
442 3047 625 3116 defenderent.
645 3069 678 3102 ne
696 3060 748 3103 aut
765 3053 840 3104 illud
855 3055 976 3104 elamore
995 3091 1001 3104 .
1022 3091 1029 3106 .
1051 3093 1057 3106 .
1077 3059 1128 3105 aut
1146 3057 1294 3124 angustiae
1313 3051 1428 3106 bonor.

186 3123 263 3176 Hinc
282 3129 347 3191 post
365 3123 460 3192 gioria
477 3125 571 3174 maior
596 3123 737 3178 excidisse
761 3141 882 3195 anqaaan
908 3129 1033 3196 configit
1057 3127 1256 3196 suspicabatur
1281 3123 1372 3178 Brot.
1398 3135 1429 3180 et

183 3232 239 3270 esst
254 3215 349 3283 patuit
367 3211 470 3264 Osann.
490 3211 541 3280 qui
560 3212 632 3264 olim
652 3215 793 3284 scriptum
812 3215 899 3268 fuisse
916 3223 1001 3285 putat
1020 3202 1097 3270 GU
1116 3204 1191 3270 nott
1210 3215 1257 3270 E.
1279 3255 1286 3268 .
1309 3253 1316 3268 .
1335 3213 1377 3269 h.
1399 3235 1425 3271 e.

183 3290 281 3359 gloria
299 3287 425 3338 maiore
444 3321 451 3334 .
472 3321 479 3334 .
498 3321 505 3335 .
543 3283 600 3338 Sed
616 3302 739 3340 vacuum
754 3287 877 3357 spatium
895 3288 962 3342 inde
979 3297 1076 3342 ortum
1096 3291 1190 3344 videri
1208 3295 1312 3360 potest,
1333 3292 1428 3357 quod

184 3367 250 3430 post
267 3358 357 3413 verba
375 3363 514 3427 corrupta
532 3361 563 3410 in
582 3375 630 3408 ore
649 3360 792 3414 excidisse
816 3361 957 3414 nonnulla
973 3361 1140 3416 crederent
1165 3362 1293 3426 librarii3
1324 3362 1425 3417 Orell.

183 3461 219 3474 ·-
237 3431 417 3500 serebantur,
445 3429 524 3498 quod
552 3429 685 3483 defendit
702 3431 863 3502 Wopkens.
889 3433 959 3487 obss.
980 3435 1061 3488 misc.
1081 3437 1153 3500 vll,
1173 3440 1198 3492 3.
1218 3451 1246 3508 p.
1267 3437 1331 3490 390.
1380 3439 1427 3488 di-

183 3513 343 3578 gnarentur
361 3502 436 3556 coni.
457 3501 561 3555 usum.
580 3520 663 3556 sensu
681 3505 805 3574 passivo.
843 3507 909 3558 Post
926 3507 1021 3560 deinde
1040 3507 1073 3560 in
1093 3508 1155 3562 edd.
1177 3515 1233 3561 vet.
1248 3514 1313 3560 ante
1327 3506 1423 3581 Lips.

106 3640 121 3656 ι
184 3579 327 3632 insertum
347 3595 372 3647 q.
392 3583 420 3630 et
437 3575 514 3646 quod.
534 3603 571 3615 —
603 3577 658 3629 diis
684 3583 792 3648 genitos
811 3595 954 3649 sacrosque
972 3599 1065 3652 reges,
1090 3589 1122 3633 ut
1141 3580 1281 3652 διογενεῖς,
1306 3579 1425 3656 deotpe-

183 3661 244 3723 φεῖς
262 3658 292 3704 et
318 3652 394 3721 ἱεροί
432 3647 473 3701 dii
499 3646 543 3701 ed.
568 3663 613 3717 pr.
637 3677 673 3688 —
702 3653 729 3703 si
754 3654 934 3721 introspicere
961 3657 1062 3715 altius,
1093 3671 1120 3706 v.
1149 3653 1185 3707 ad
1204 3653 1278 3706 Ann.
1304 3657 1338 3719 3,
1373 3661 1422 3713 25.

182 3729 208 3778 si
227 3727 405 3793 introspicere
424 3721 467 3774 ed.
488 3719 551 3774 Ber.
572 3719 664 3774 Rhen.
686 3730 715 3774 et
733 3739 791 3777 rec.
812 3743 839 3778 ss
858 3729 927 3778 intr.
949 3726 993 3780 ed.
1013 3743 1058 3798 pr.
1080 3725 1280 3780 111116.-
1316 3731 1424 3794 ipsum

182 3797 342 3865 Apollinem
360 3794 448 3847 fuisse
467 3796 638 3863 accepimus,
664 3811 690 3848 r.
710 3795 745 3848 ad
763 3795 839 3850 Ann.
860 3803 891 3863 1,
911 3801 965 3865 67,
985 3805 1010 3853 1.
1031 3827 1064 3840 -
1091 3797 1225 3868 sabulosa
1250 3803 1358 3860 nims's,
1394 3822 1422 3856 v.

183 3869 246 3922 lnd.
269 3867 324 3921 111.
355 3883 383 3920 r.
403 3865 586 3936 Anastropbe.
605 3895 642 3908 -
674 3875 843 3939 composita,
874 3871 903 3922 in
926 3871 1025 3926 eniose
1050 3872 1191 3937 confictu
1223 3870 1280 3925 Sci.
1312 3889 1347 3925 .v.
1387 3875 1425 3930 ad

184 3941 220 3994 Η.
239 3945 271 4008 1,
291 3945 336 4006 31,
357 3943 382 3994 5.
402 3968 438 3978 -
457 3941 532 3994 titud
546 3947 620 3992 certe
638 3940 711 3994 mibi
727 3945 866 3998 macedis:
919 3942 947 3996 S.
966 3945 1028 3999 Vas.
1049 3947 1128 4002 1862.
1149 3951 1178 3998 et
1198 3945 1240 3998 ed.
1262 3945 1313 3998 Dr.
1334 3951 1427 4002 istud

183 4035 206 4068 c·
225 4033 260 4068 m.
280 4033 301 4065 e.
321 4011 486 4074 Acidaliae,
507 4013 610 4066 ileum.
631 4021 660 4066 et
678 4013 724 4067 Or.
745 4015 892 4070 malebant
909 4017 1041 4080 concedes,
1060 4026 1091 4070 ut
1110 4035 1172 4088 cap.
1193 4021 1236 4073 33.
1253 4047 1290 4058 --
1308 4017 1425 4090 byssiae

183 4095 235 4140 aut
261 4087 421 4156 Hyperidis,
457 4093 604 4138 cratonem
628 4083 862 4141 Atheniensium:
895 4089 978 4142 illius
1003 4091 1146 4145 orationes
1171 4089 1288 4141 mlv
1306 4109 1424 4162 super.

182 4168 248 4213 sunt
267 4159 378 4224 adhuc,
415 4155 500 4211 buius
519 4175 575 4210 una
594 4165 721 4223 tanturm
751 4161 854 4214 scitule.
892 4162 935 4216 De
953 4169 1078 4232 utroque
1095 4181 1122 4216 r.
1144 4162 1208 4216 lnd.
1233 4169 1263 4216 et
1283 4161 1422 4229 Quintil.

182 4235 352 4298 10,1‚78.
374 4230 434 4284 cto.
455 4247 495 4283 or.
516 4231 561 4286 26.
579 4235 623 4286 31.
642 4231 678 4298 de
697 4239 780 4299 orl,
800 4239 843 4291 13.
862 4237 906 4290 51.
926 4237 953 4302 2,
972 4239 1016 4292 22.
1036 4241 1069 4303 3,
1088 4239 1115 4292 7.
1137 4243 1166 4289 et
1184 4233 1264 4287 Brut.
1284 4237 1311 4291 7.
1333 4239 1421 4296 Plut.

182 4307 257 4359 ritae
277 4306 302 4357 Χ
319 4313 466 4358 oratorum
487 4303 520 4356 Τ.
542 4304 580 4356 ll.
600 4321 628 4373 p.
648 4307 710 4360 836.
730 4309 791 4362 818.

252 4383 278 4434 6.
318 4379 411 4431 Plures
428 4375 506 4428 bodie
525 4379 658 4447 reperies,
676 4381 728 4448 qui
746 4381 884 4435 Ciceronis
902 4385 1043 4453 gloriam,
1062 4399 1145 4452 quara
1163 4385 1212 4453 qui
1231 4380 1355 4452 Virgilii
1378 4386 1424 4439 de·
