2846 4802
234 678 535 798 sinuosos
565 709 650 796 os
682 709 1054 802 omousios
1098 717 1101 727 ·

579 897 598 952 S
617 899 630 950 Ι
649 898 673 950 V
692 898 718 950 Ε

120 1045 198 1118 ns
243 1043 419 1120 osusss
464 1045 754 1123 consumo
779 984 1162 1142 *sooousssmn

406 1377 881 1446 BREVIARIUM.

92 1498 169 1570 Cup.
192 1501 217 1552 t.
259 1460 424 1568 Postquam
450 1497 568 1552 Iustus
593 1499 718 1553 Fabius
744 1517 824 1570 saepe
844 1520 875 1555 ec
893 1507 1004 1554 auctore
1020 1499 1129 1570 dialogi
1147 1499 1260 1570 requisi-

29 1585 113 1636 serat,
133 1593 191 1628 car
208 1595 265 1630 non
284 1579 403 1646 arreptius
421 1581 515 1646 uigeat
533 1579 700 1648 eloquentiae
718 1579 856 1642 studium,
890 1577 1008 1633 hicnon
1034 1597 1115 1632 suam
1131 1575 1258 1646 proferre

27 1655 198 1702 autenticum
216 1655 337 1710 statuit,
370 1650 418 1702 sed
432 1655 551 1720 repetere
569 1667 720 1704 sermonem
738 1651 883 1705 hominum
899 1651 1163 1710 disertissimorum,
1192 1665 1259 1720 quos

27 1724 138 1775 eandm
159 1727 351 1794 quaestionem
367 1730 570 1792 pertractantes
588 1725 734 1778 admodum
762 1727 870 1778 iuuenis
898 1725 1056 1780 audivisset.
1103 1726 1129 1779 ².
1149 1729 1175 1779 3·
1204 1721 1259 1774 tat

27 1805 88 1848 sunt
107 1799 298 1849 Curiatius
317 1795 515 1856 Maternus,
551 1815 582 1850 es
600 1806 710 1852 oratore
726 1805 825 1868 poeta,
852 1797 889 1850 M.
910 1799 1005 1870 Aper
1022 1805 1048 1849 et
1066 1796 1183 1850 Iulius
1202 1795 1259 1847 Se-

26 1871 160 1922 cundus
172 1908 181 1932 ,
207 1869 383 1922 celeberrima
401 1877 460 1921 trun
472 1866 540 1937 sori
557 1873 687 1941 ingenia,
715 1876 764 1942 qui
781 1875 935 1930 mirantur,
969 1871 1042 1944 quod
1056 1868 1196 1924 Medernus
1206 1866 1258 1936 sa·

26 1944 130 1998 adua
151 1948 315 1996 oreetionean
333 1959 528 2014 causarumque
554 1945 654 1999 studiis
680 1961 759 1997 omne
784 1962 857 1999 nunc
874 1952 981 2015 tempus
1005 1948 1081 1998 circa
1098 1941 1258 2014 tragoedias

27 2023 193 2074 muniat,
226 2033 343 2086 quarum
367 2023 459 2068 tamen
483 2019 648 2070 recitatione
675 2013 820 2086 offendisse
834 2023 992 2088 potentium
1010 2023 1120 2071 animos
1138 2017 1256 2068 dicatur.

27 2097 47 2144 t
66 2091 119 2142 Hic
137 2092 244 2160 poesin
263 2107 281 2140 a
297 2107 325 2143 se
343 2107 417 2142 nunc
434 2091 488 2142 coli
503 2091 666 2159 profitetur,
701 2095 768 2162 quia
784 2096 908 2144 sanctior
924 2091 991 2144 haec
1008 2099 1035 2144 ct
1052 2095 1201 2162 augustior
1217 2089 1258 2142 sit

75 2167 191 2217 aentiu.
504 2171 505 2176 ’

27 2167 108 2293 11095
128 2266 172 2277 -
189 2239 217 2291 7.
261 2235 335 2288 Hinc
359 2237 453 2287 oritur
476 2235 659 2304 disceptcaio,
700 2245 792 2290 utrum
822 2241 1014 2306 praestmetior
1044 2239 1087 2290 sit
1115 2253 1162 2289 ars
1194 2251 1257 2287 ora·

28 2315 93 2364 toria
114 2329 161 2364 an
176 2313 298 2378 poetica.
336 2309 411 2378 Aper
434 2311 546 2378 magnis
569 2309 693 2364 laudibus
713 2311 861 2380 praedicat
884 2315 1025 2363 oratoriae
1048 2315 1121 2363 artis
1145 2311 1258 2362 utilita-

29 2393 91 2444 tens,
112 2386 309 2452 voluptatem,
327 2381 507 2452 dignitatem,
545 2383 570 2435 8.
590 2401 623 2434 ac
639 2393 772 2453 prouocat
789 2385 829 2436 ad
843 2389 965 2454 exempla
983 2383 1111 2437 Marcelli
1127 2381 1212 2454 Eprii
1229 2387 1258 2433 et

29 2459 115 2528 Crispi
138 2456 229 2509 Vibii.
266 2459 354 2510 s.1o.
380 2454 523 2507 Poetarum
548 2461 647 2509 contra
665 2459 771 2510 nullam
790 2475 844 2511 esse
862 2457 1031 2528 dignitatem
1049 2457 1118 2509 dicit
1136 2463 1162 2508 et
1180 2457 1257 2508 ettili-

28 2541 127 2594 tatcrn3
150 2532 322 2598 voluptatem
339 2545 401 2581 vero
420 2528 536 2587 brevem,
554 2527 660 2582 laudem
679 2535 808 2594 inanem,
834 2529 1036 2598 infructuosam
1053 2531 1199 2600 multisque
1216 2545 1257 2579 re·

29 2610 198 2657 citationum
218 2601 353 2655 molestiis
371 2619 404 2652 ac
421 2603 575 2670 sumptibus
589 2611 714 2672 partam.
760 2603 799 2656 lis
815 2607 849 2655 in
874 2603 1050 2657 solitudinem
1075 2601 1257 2663 secedendum,

28 2679 149 2732 simodo
169 2677 288 2746 dignum
305 2675 415 2745 aliquid
430 2677 568 2727 elaborare
586 2679 683 2736 uelint,
712 2685 738 2728 et
755 2677 903 2730 mediocres
924 2679 1030 2730 nemini
1045 2683 1143 2736 notos,
1175 2678 1257 2730 bonos

26 2757 134 2820 pontiu
163 2749 288 2802 studium
305 2747 420 2818 denique
438 2749 549 2800 illorum
568 2767 624 2802 non
642 2755 735 2804 minus
751 2751 896 2803 obnoxium
914 2746 1046 2818 offensae,
1066 2767 1149 2820 quarn
1166 2757 1257 2802 orato·

28 2845 89 2879 cssn.
131 2824 234 2895 Itaque
252 2821 389 2882 Materno,
416 2820 455 2872 ad
469 2823 596 2874 uitiorum
614 2826 800 2894 eloquentiane
818 2831 844 2875 ct
861 2841 969 2877 summa
986 2831 1069 2882 nato,
1096 2841 1152 2876 non
1170 2825 1257 2878 sulsi-

26 2901 148 2954 stasdran
168 2913 226 2950 esse
243 2897 275 2948 in
293 2897 455 2954 leuioribus,
473 2896 522 2948 sed
537 2897 571 2948 ab
589 2897 740 2950 auditoriis
758 2903 786 2948 et
802 2895 919 2951 theatris
937 2903 967 2952 in
977 2895 1078 2966 sorum
1096 2905 1123 2950 et
1140 2897 1179 2950 ad
1194 2915 1256 2950 cau·
1343 2923 1345 2926 ·

25 2993 62 3028 sus
80 2989 207 3042 ucraque
221 2970 331 3038 proelia
349 2966 518 3022 redeeusdunn

91 3046 237 3099 11-13.
278 3041 351 3108 Quae
374 3059 457 3112 quum
481 3043 557 3112 Aper
580 3041 692 3097 dixisset
710 3045 800 3096 acrius
818 3050 845 3094 et
863 3044 974 3096 intento
992 3061 1051 3105 ore,
1084 3047 1212 3096 remissus
1230 3053 1257 3098 et

25 3119 168 3172 subridens
185 3115 329 3185 respondet
345 3113 505 3168 Maternus:
538 3121 660 3185 poeticae
687 3117 779 3169 studio
800 3121 934 3170 maiorem
952 3120 1057 3188 parari
1080 3119 1256 3172 securitatem

26 3201 47 3246 et
66 3195 199 3264 gloriam
208 3225 217 3250 ‚
236 3206 318 3260 quam
328 3185 442 3254 sorensi
458 3189 549 3242 labore
568 3198 594 3241 et
610 3195 730 3258 strepitu
747 3191 925 3262 litigantium
943 3198 994 3243 aut
1011 3193 1192 3245 comitatuum
1210 3213 1255 3247 sa·

25 3271 250 3334 tutationumque
261 3261 443 3332 frequentias
457 3266 601 3333 puriorem
618 3279 680 3317 aero
698 3266 866 3332 voluptatem
884 3281 977 3318 securo
994 3271 1020 3315 et
1036 3271 1136 3316 secreto
1153 3285 1255 3321 secessu

26 3347 52 3392 in
71 3357 193 3392 nemora
212 3337 343 3394 attacus,
373 3355 456 3408 quam
477 3339 586 3390 lucrosa
610 3345 637 3389 et
653 3341 841 3407 sanguinante
859 3335 970 3405 insero
988 3340 1158 3408 eloquentia,
1186 3357 1255 3412 quae

27 3434 97 3475 non,
117 3419 155 3464 ut
170 3411 280 3481 poesis,
307 3427 406 3472 aureo,
434 3411 483 3463 sed
490 3409 586 3478 ferreo
607 3411 714 3463 saeculo
731 3417 760 3462 et
775 3418 888 3480 propter
905 3413 993 3464 malos
1010 3408 1151 3466 hominum
1168 3431 1255 3466 mores

28 3491 56 3541 in
73 3490 170 3539 Iocum
187 3487 240 3537 teli
257 3491 363 3550 repertu
380 3487 428 3540 sit.
463 3484 577 3536 Dutcem
596 3501 651 3537 esse
666 3492 812 3554 poetarum
829 3489 915 3538 uitam
934 3491 959 3537 et
976 3501 1104 3538 curarum
1113 3495 1255 3556 expertem,

27 3565 146 3615 asaiam
163 3577 229 3613 vero
247 3563 402 3619 oratorum,
423 3559 473 3628 qui
488 3573 595 3628 semper
612 3559 656 3612 ael
671 3561 788 3610 timeant
805 3560 849 3610 uel
863 3563 1020 3610 timeantur.

96 3637 146 3688 14.
187 3631 326 3702 colloquio
344 3633 497 3700 supervenit
527 3631 724 3701 Vipstanus
750 3629 921 3690 Messala,
954 3631 1112 3684 admirator
1137 3639 1255 3686 aeterum

28 3715 183 3779 tempor-san
201 3713 411 3775 oratorumque,
429 3709 611 3758 recentiorum
628 3711 805 3776 contemptor.
844 3707 974 3760 15-17.
994 3705 1071 3758 Hinc
1087 3705 1180 3776 Aper,
1199 3723 1257 3760 sae-

30 3783 79 3834 culi
96 3784 148 3835 sui
164 3796 349 3849 novorumque
367 3773 507 3830 rhetorum
521 3787 677 3848 patronus,
702 3781 859 3830 accuratius
877 3775 1056 3846 definiendum
1075 3789 1178 3839 censet,
1197 3783 1258 3851 quia

30 3873 88 3908 mus
109 3860 241 3907 oratores
258 3850 377 3905 vocandi
392 3854 450 3904 sint
472 3855 551 3904 anti
558 3855 620 3922 qui
626 3872 635 3902 .·
672 3857 766 3904 utrum
795 3848 903 3920 Ulysses
926 3857 1037 3905 tantum
1065 3859 1091 3905 et
1109 3851 1208 3906 Nestor
1231 3859 1257 3906 et

30 3927 172 3981 Menenius
188 3927 336 3996 Agrippa,
368 3943 406 3976 an
425 3931 452 3975 et
471 3927 529 3977 iam
547 3923 740 3979 Demosthenes
757 3931 784 3978 et
801 3923 980 3994 Hipperidcs,
1004 3929 1079 3979 inter
1096 3943 1210 3996 quorum
1229 3933 1257 3979 et

31 4001 72 4052 hoc
88 4015 189 4053 aevum
208 4015 264 4050 non
283 3999 478 4068 multoplures
496 4015 578 4068 quum
597 3997 683 4050 0000
698 4001 772 4051 anni
788 3999 934 4058 intersint,
954 4007 1006 4052 aut
1024 4001 1127 4064 Cicero,
1147 4000 1255 4062 Cassan

33 4075 151 4134 Coelius,
171 4071 287 4130 Calvus,
304 4070 420 4130 Brutus,
446 4069 563 4125 Asinius
581 4079 607 4123 ct
624 4069 760 4132 Messala,
793 4073 844 4140 qui
859 4076 906 4125 uis
923 4075 1006 4126 unius
1024 4071 1145 4127 hominis
1166 4081 1255 4125 aetate

31 4153 82 4200 sint
99 4149 218 4216 priores.
262 4145 306 4198 18.
326 4143 443 4196 Formas
458 4151 551 4208 ¹autem
569 4151 597 4196 et
613 4161 714 4214 genera
731 4143 840 4198 dicendi
856 4163 917 4197 cum
933 4149 1101 4218 temporibus
1118 4165 1152 4200 ac
1168 4145 1256 4199 diuer-

31 4225 108 4274 sitate
126 4221 240 4272 anian
258 4221 366 4270 medad
382 4223 493 4278 monet,
525 4225 552 4271 et
568 4219 639 4272 vitio
656 4219 849 4289 malignitatis
867 4217 1005 4274 humanae
1022 4237 1127 4290 semper
1144 4219 1255 4274 laudari

31 4303 133 4356 caesa,
149 4293 313 4362 praesentia
323 4287 468 4360 fastidiri.
505 4294 549 4348 19.
567 4291 611 4346 2⁰.
633 4291 756 4346 Cassium
776 4291 903 4346 Severum
920 4313 939 4346 a
956 4295 1052 4347 multis
1068 4294 1142 4346 oelut
1159 4299 1255 4347 termi-

33 4386 88 4420 ssus
112 4367 304 4438 antiquitatis
328 4365 464 4418 constitui
481 4365 656 4437 primumque
673 4365 788 4433 flexisse
814 4367 849 4419 ah
876 4367 929 4420 illa
947 4373 1031 4422 uetere
1049 4373 1128 4438 utque
1147 4365 1253 4422 directa
