2890 4790
98 4207 101 4212 ·
180 4175 297 4235 rimis
318 4177 456 4237 artibus·
481 4207 520 4218 -
564 4175 793 4242 CARXXXI.
813 4179 894 4239 v.1.
917 4173 999 4236 Hoc
1021 4173 1083 4233 sibi
1103 4171 1295 4232 illiveleres
1318 4186 1411 4245 per

183 253 253 308 VIII
642 251 954 320 Pnssrs'tlo.
1022 273 1025 282 ·

183 425 251 483 sive
279 423 316 482 in
343 423 497 484 universa
524 435 620 496 porte
650 443 767 484 serum.
809 425 860 488 20.
882 426 934 487 21.
967 443 1078 482 rerum
1108 425 1140 482 in
1171 423 1398 503 ueloquentiam

184 519 330 604 effecerit
351 543 456 604 quaes
489 520 577 585 unde
598 523 703 587 Bokk.
724 528 760 586 iu
781 524 831 588 ed.
849 525 893 586 II.
913 527 998 586 oom'.
1036 543 1147 584 rerum
1168 527 1204 586 in
1225 527 1398 608 eloquentia

184 643 249 684 non
271 621 425 706 effecerit.
468 625 519 688 36.
542 613 668 686 rubore.
711 626 763 689 39.
790 627 840 689 vis
870 623 970 688 deest
991 657 1032 670 ·-
1081 622 1172 688 GAP.
1189 627 1295 690 XXII.
1319 651 1347 690 v.
1368 630 1398 689 7.

181 747 222 786 ex
250 727 302 786 iis
332 723 544 790 orationibus.
585 724 632 802 (v.
667 723 710 789 sd
734 747 806 812 cap.
823 728 853 790 5.
880 749 912 792 v.
934 722 981 802 2.)
1031 727 1082 789 20.
1112 727 1161 788 21.
1192 743 1228 789 ut
1255 732 1398 809 aspicere.

182 831 233 890 21.
256 843 423 890 arcentur.
466 830 516 891 21.
535 827 664 910 fugiet.
707 829 758 892 26.
780 828 990 909 determinet,
1028 828 1118 912 quod
1148 834 1275 914 recepit
1300 829 1398 893 Bekk.

181 919 216 990 fis
238 929 288 992 ed,
307 929 410 992 11.-
453 927 934 996 munitissimum.
978 932 1007 994 1.
1031 933 1219 1010 exprimunt
1242 933 1280 991 ii.
1301 931 1401 1008 (ped

181 1052 209 1092 c.
228 1033 258 1093 5.
281 1054 313 1095 v.
330 1029 375 1106 2.)
417 1035 446 1095 5.
468 1033 747 1118 significasse.
789 1033 819 1095 8.
848 1033 899 1092 tui
918 1034 989 1116 suli
1017 1033 1112 1094 bassi.
1162 1039 1210 1096 11.
1240 1046 1401 1095 secuntur.

180 1133 231 1292 fi.
252 1135 428 1195 sanitatem
450 1135 677 1218 infirmitatem
697 1136 753 1196 sed
774 1135 897 1195 ieiunio
913 1149 1160 1215 consequentur.
1205 1135 1253 1197 16.
1275 1136 1403 1212 proprie

224 1245 281 1294 est.
324 1237 375 1298 21.
396 1237 559 1314 gravitati
589 1257 742 1298 sensuum
771 1229 921 1297 nitorem.
964 1239 1015 1299 22.
1041 1249 1072 1296 et
1093 1237 1251 1315 quotiens.
1294 1235 1339 1298 21.
1362 1255 1405 1294 eu

180 1333 415 1394 sententiarum
435 1337 580 1414 planitas
604 1351 662 1400 est.
683 1367 726 1382 ·-
774 1336 866 1401 csP.
883 1335 1009 1399 XXIV.
1031 1361 1064 1402 v.
1081 1341 1111 1402 6.
1134 1339 1317 1398 immutasse
1337 1355 1404 1395 non

126 1479 142 1492 .
181 1433 294 1514 debet,
328 1435 417 1518 quod
445 1441 572 1523 recepit
592 1435 700 1501 Bekk.
722 1443 758 1502 In
779 1438 830 1504 ed.
854 1439 897 1500 II.
940 1443 969 1504 7.
992 1439 1257 1518 defensorem.
1299 1438 1405 1499 8.iis

178 1555 257 1613 quos
278 1537 370 1598 modo
392 1539 569 1602 insectatus
590 1553 639 1601 est
658 1543 758 1619 Aper.
802 1545 851 1604 10.
879 1543 985 1603 ueteri
1017 1553 1055 1602 et
1085 1563 1106 1602 a
1133 1543 1284 1602 vestris
1302 1541 1407 1616 philo-

179 1637 289 1714 sophis
310 1657 335 1700 s.
357 1661 384 1702 c.
429 1646 477 1704 11.
498 1656 619 1720 partes.
647 1643 786 1723 Igitur
810 1661 962 1720 exprome
982 1643 1082 1704 nobis.
1104 1673 1147 1688 -
1196 1640 1286 1703 011³.
1297 1639 1408 1702 XXV.

178 1763 212 1804 v.
227 1745 253 1804 I.
285 1763 404 1822 sequar
433 1746 648 1824 perscriptam
678 1757 709 1805 et
740 1743 896 1804 Materne
915 1743 1083 1827 sormam;
1122 1741 1210 1805 unde
1237 1741 1338 1804 Bekk.
1366 1743 1408 1802 iu

179 1842 230 1906 ed.
246 1845 289 1906 II.
321 1865 408 1908 corr.
441 1845 570 1924 Sequar
596 1847 834 1922 praescriptam
854 1865 877 1906 a
898 1859 945 1928 te,
976 1847 1151 1918 Materne,
1170 1844 1330 1928 sormam.
1372 1845 1408 1906 1.

179 1959 399 2008 constaret.
453 1947 502 2008 13.
533 1965 683 2006 consessu
703 1978 744 1990 -
764 1949 849 2008 sicut
869 1949 960 2027 apud
980 1967 1047 2007 nos.
1093 1945 1140 2008 16.
1171 1947 1218 2006 sic
1243 1965 1317 2005 uere
1347 1955 1412 2004 aut

178 2049 208 2108 si
227 2067 314 2109 vere.
359 2049 408 2110 18.
441 2059 478 2108 at
503 2049 650 2109 strictior
678 2049 799 2111 calvus.
823 2051 893 2112 ’20.
913 2049 1130 2112 sanctitatem.
1174 2046 1226 2110 21.
1258 2059 1290 2106 et
1318 2058 1428 2106 sunt.

178 2149 229 2212 30.
253 2149 379 2210 Anille
393 2149 591 2212 Ciceroni
611 2151 829 2214 invideret.
859 2153 910 2214 31.
926 2151 1084 2212 Caelium.
1107 2181 1148 2194 -
1192 2144 1412 2230 capxxvt.

177 2273 210 2314 v.
227 2251 275 2312 12.
305 2251 390 2312 sicut
420 2251 470 2312 bis
491 2263 545 2310 cta
566 2263 598 2310 et
618 2271 681 2335 pro
703 2250 905 2328 quibusdam.
951 2251 999 2311 13.
1031 2261 1159 2324 tenere,
1197 2245 1413 2312 assidetur.

178 2351 228 2415 15.
249 2353 279 2412 si
299 2352 353 2413 iis
373 2366 591 2428 comparetur.
614 2349 661 2428 (v.
682 2351 726 2414 sd
746 2374 775 2415 c.
790 2355 819 2416 5.
839 2375 873 2416 v.
890 2347 934 2427 2.)
979 2343 1090 2412 1718.
1111 2349 1205 2427 prius
1226 2351 1312 2409 enim
1334 2369 1415 2411 corz-

179 2465 279 2512 tento.
323 2453 373 2513 19.
395 2463 428 2511 et
447 2455 577 2514 studiis.
620 2457 671 2516 20.
693 2457 855 2516 devectus.
897 2452 1020 2514 2526.
1050 2451 1224 2530 plerisque.
1268 2450 1316 2512 27.
1338 2449 1416 2510 sin-

177 2555 266 2634 gulis
286 2553 435 2613 deinde
454 2555 609 2634 singulos.
632 2573 872 2634 opponeremus.
894 2573 961 2614 non
981 2555 1186 2614 detractasse.
1230 2551 1279 2614 29.
1300 2551 1353 2612 30.
1379 2567 1418 2611 et

178 2657 214 2716 in
234 2675 327 2716 omne
346 2656 561 2730 ueritum-
605 2655 696 2719 CAP-
713 2655 854 2719 XXVII.
880 2677 913 2719 v.
928 2663 958 2717 2.
988 2657 1148 2737 gradibus
1157 2653 1258 2738 freta
1277 2652 1330 2711 sit·
1377 2653 1416 2716 II·

176 2757 314 2836 Appara
342 2769 374 2817 te
398 2759 514 2835 inquit.
566 2759 596 2822 6.
623 2761 713 2838 apud
744 2779 795 2819 me
821 2759 998 2836 quidem.
1049 2759 1080 2820 7.
1107 2774 1189 2834 quas
1217 2766 1247 2812 te
1275 2752 1418 2812 solitum

179 2871 326 2918 tractare
353 2860 465 2934 paullo
496 2873 575 2919 ante
601 2861 699 2936 piane
727 2861 856 2919 mitiore
886 2859 1071 2934 eloquentia
1093 2869 1125 2915 et
1147 2839 1329 2940 temporum
1352 2871 1421 2912 no-

176 2971 323 3021 strorum
344 2961 492 3020 miratus.
538 2963 586 3022 10.
613 2961 950 3040 disceptatione,
974 2977 1051 3017 nam
1074 2975 1132 3016 nec
1152 2976 1218 3018 vos.
1263 2957 1311 3014 11.
1334 2974 1420 3034 per·-

176 3059 324 3138 stringit.
369 3057 418 3121 15.
440 3061 591 3122 libertate
611 3083 685 3140 qua.
706 3091 749 3106 -
792 3059 884 3122 CAP.
902 3057 1063 3121 XXVIII.
1084 3079 1117 3120 v.
1131 3059 1161 3121 5.
1191 3058 1233 3118 aIr
1254 3057 1331 3116 illa
1357 3077 1423 3116 ve-

179 3173 248 3222 tere
271 3159 391 3239 gloria.
413 3157 468 3238 (cf.
490 3161 533 3224 ad
553 3183 580 3224 c.
599 3163 629 3224 1.
650 3183 683 3224 v.
703 3159 747 3239 9.)
790 3163 819 3225 8.
843 3163 877 3222 in
899 3164 1068 3222 omissum.
1111 3161 1141 3222 8.
1166 3160 1195 3220 9.
1216 3177 1424 3237 quanquam

176 3273 286 3324 uestra
307 3261 398 3321 nobis
428 3263 559 3324 notiora
584 3277 681 3342 sunt3
718 3261 809 3328 unde
829 3261 934 3325 Beki.
955 3264 990 3322 in
1013 3259 1064 3323 ed.
1078 3261 1120 3322 II.
1143 3255 1277 3343 scripsit
1296 3271 1424 3320 vestro

176 3361 277 3424 vobis.
321 3365 371 3424 11.
392 3363 421 3423 si
440 3365 571 3440 priusn
587 3367 769 3427 severitate.
813 3366 862 3428 11.
885 3366 920 3425 in
940 3365 1065 3424 cellam.
1110 3365 1159 3425 16
1182 3361 1310 3422 maior
1334 3361 1423 3420 ali.

176 3483 265 3542 qua.
310 3465 359 3528 17.
386 3463 530 3524 eiusdem
546 3465 716 3549 familiae.
768 3469 816 3530 18.
837 3468 969 3528 discere.
1016 3465 1066 3527 20.
1095 3463 1205 3524 studia
1234 3461 1330 3520 modo
1354 3480 1423 3520 cus

176 3552 302 3642 raeque.
334 3567 387 3628 22.
408 3566 454 3626 sic
474 3567 599 3626 aeciam
619 3571 766 3648 augusti.
794 3569 845 3632 25.
863 3581 895 3628 et
913 3567 948 3626 in
964 3565 1074 3625 nullis.
1097 3595 1136 3608 -
1179 3561 1271 3624 GAP.
1281 3558 1422 3622 XXIX.

175 3687 208 3729 v.
223 3665 253 3726 1.
276 3680 309 3726 et
329 3668 410 3727 viles
430 3665 559 3729 adiecta
579 3679 655 3752 post
676 3670 863 3749 erroribus,
897 3669 1133 3751 superscriptis
1155 3665 1215 3725 alii
1234 3664 1335 3722 vites.
1386 3663 1422 3747 fii

178 3768 280 3846 quin
307 3769 408 3828 etiam
435 3768 498 3843 ipsi
528 3783 692 3846 parentes.
744 3775 793 3836 12.
827 3770 1037 3848 relinquitur.
1088 3763 1421 3830 17.18.ambitionl

177 3870 427 3931 salutationum.
472 3873 524 3934 21.
549 3873 722 3934 insumere.
743 3903 785 3918 -
827 3867 1039 3951 GARXXX.
1060 3891 1093 3932 v.
1108 3871 1137 3932 32
1168 3865 1338 3927 habuerit.
1394 3863 1421 3940 Q

178 3991 242 4050 quo
259 3991 356 4033 ausos
373 3991 449 4034 esse.
486 3971 516 4033 5.
534 3973 563 4036 6.
578 3975 764 4036 studiorum
785 3975 980 4036 assiduae
999 3971 1260 4032 exercitationes.
1301 3967 1337 4030 7.
1363 3984 1420 4028 nos

178 4073 237 4134 bis.
276 4073 325 4136 10.
347 4074 481 4158 referre.
522 4077 570 4136 11.
592 4071 788 4135 Diodorum.
824 4073 873 4136 19.
895 4085 1152 4153 cognoverat.
1190 4069 1241 4133 20.
1264 4079 1299 4126 et
1323 4067 1420 4226 plu]

178 4289 425 4352 suaserant3
457 4277 502 4336 ael
523 4277 593 4339 hoc
613 4277 901 4363 efficiendum.
944 4277 976 4336 2.
1008 4287 1046 4332 ut
1067 4275 1107 4332 in
1131 4273 1303 4332 rhetorum
1327 4259 1419 4433 schj

180 4375 230 4436 lis.
273 4377 304 4438 1.
327 4389 364 4434 ut
387 4378 439 4439 iis
461 4379 599 4441 artibus.
623 4377 670 4455 (v.
692 4377 735 4441 ad
755 4399 783 4470 c.
801 4377 830 4442 5.
851 4399 885 4440 v·
900 4377 949 4454 2.)
991 4375 1021 4438 5.
1044 4375 1227 4456 implorent.
1271 4373 1330 4434 12.
1356 4389 1384 4428 n
