2792 4792
177 172 237 236 tot
380 229 387 240 ,
522 161 700 228 LIBELLI
721 161 781 224 DE
802 159 1039 226 GERMANIA

179 333 354 391 scandentes.
391 330 443 386 llis
461 328 556 384 verbis
574 343 621 382 res
639 326 741 402 magni
758 325 911 392 momenti,
929 325 974 378 ius
992 323 1179 384 successionis
1196 319 1392 390 hereditarias

179 425 237 462 non
255 407 311 460 nisi
328 404 431 476 primis
449 403 532 458 velut
549 400 634 456 lineis
653 400 712 454 desi
734 408 838 464 natur;
873 414 927 454 nec
954 397 1021 458 satis
1040 405 1175 466 constat,
1209 399 1300 467 quale
1329 397 1392 460 illut

177 479 318 534 fueritin
337 475 494 532 Germania
511 481 576 528 ante
596 473 675 528 Saso.
721 511 728 527 .
747 490 805 542 quo
823 472 867 526 ius
885 471 1046 524 Romanum
1066 470 1172 524 sensim
1191 477 1347 540 receptum
1366 479 1392 530 et

178 552 257 622 quod
275 548 480 620 antiquissimis
500 545 629 600 moribus
648 546 789 598 sancitum
810 551 886 611 erat,
906 541 1019 616 legibus
1037 542 1225 596 immutatum
1244 551 1299 598 est.
1338 545 1392 600 Not

179 623 334 680 debuerunt
352 629 466 686 umen,
500 619 552 689 qui
578 626 783 694 argumentum
809 616 866 672 hoc
892 614 1054 670 accuratius
1081 623 1241 670 tractarent
1259 623 1292 670 et
1312 615 1392 682 mulo

179 696 296 751 silentio
315 703 379 748 tum
399 711 415 748 a
433 691 576 762 scriptore
600 699 700 746 nostro
727 699 791 746 tum
816 689 850 742 ab
877 689 936 743 eius
965 687 1171 757 interpretibus
1195 689 1392 758 praetermisso

179 771 368 840 supplerent;
399 783 415 820 s
440 763 543 834 quibus
570 781 641 834 prae
666 762 771 818 ceteris
796 761 967 816 consulendi
992 767 1059 814 sunt
1085 768 1114 814 et
1137 759 1276 814 laudandi
1306 761 1392 832 1³an

179 840 313 915 Beitr'a‘gs
331 855 399 892 zum
418 835 569 892 teutschen
588 835 698 890 Staats-
716 835 777 888 und
795 833 1005 890 l'tirstenreeht
1023 834 1056 886 T.
1066 834 1103 887 11.
1124 835 1159 886 Ν.
1179 837 1222 890 30.
1241 837 1289 890 37.
1310 837 1392 904 1129)

179 940 216 956 -
238 916 301 970 280.
335 911 368 966 F.
389 909 420 962 Ο.
440 909 466 962 J.
486 908 598 963 Fischer
614 907 746 962 Versucb
769 907 841 962 iiber
867 906 914 960 die
934 904 1039 962 Gesch.
1058 906 1086 960 d.
1106 904 1228 960 teutsch.
1247 907 1392 974 Erbfols

178 983 326 1040 Manheim
345 986 423 1040 1778.
442 986 469 1037 8.
489 990 518 1036 et
537 981 572 1035 ei.
600 981 714 1054 Erb‘l'ol
727 979 839 1055 egesch.
859 979 912 1032 der
920 977 1207 1034 Seitenverwandten
1220 979 1249 1032 in
1256 926 1392 1040 Deutscdn

178 1058 266 1126 land,
295 1056 393 1127 Leipn.
414 1057 493 1110 1782.
514 1057 540 1112 8.
576 1054 676 1107 Biener
700 999 766 1106 diss.
791 1053 827 1106 de
851 1069 972 1106 success.
990 1051 1146 1105 feudorum
1165 1067 1224 1104 non
1240 1052 1392 1122 secundun

178 1130 223 1184 ius
242 1127 533 1200 repraesentationis,
561 1126 611 1180 sed
630 1126 774 1182 linearum
793 1125 1028 1199 praerogativam
1048 1123 1205 1178 ordinanda
1222 1123 1306 1194 lips.
1328 1123 1392 1200 1781

178 1206 204 1258 ll.
235 1203 284 1257 Fr.
302 1200 488 1254 Boutaerweck
513 1207 542 1252 et
567 1197 632 1252 Joh.
651 1195 849 1267 Schwarziops
871 1213 977 1252 comm.
1005 1197 1040 1252 de
1064 1195 1253 1250 fundamento
1281 1205 1392 1262 success

179 1291 272 1350 germ.
291 1282 351 1327 tam
372 1272 517 1326 allodialis
544 1288 630 1340 quam
659 1271 784 1326 feudalis
808 1278 837 1326 st
855 1269 890 1326 ds
909 1271 1021 1324 ratione
1039 1269 1221 1324 differentiae
1239 1269 1326 1325 inter
1344 1273 1392 1340 suq'

178 1364 247 1400 cess.
275 1345 375 1400 Germ.
403 1353 432 1399 et
455 1345 537 1398 Rom.
564 1343 659 1399 Goett.
680 1347 758 1400 1786.
792 1343 912 1396 Gebauer
929 1359 957 1412 p.
978 1345 1032 1399 sto
1051 1371 1088 1382 -
1104 1344 1165 1398 580Ι
1197 1343 1291 1396 Barea
1311 1346 1351 1398 11.
1378 1359 1392 1416 p

177 1420 339 1476 353-362.
360 1417 438 1486 inpr.
467 1416 589 1472 Weiske
606 1434 635 1487 p.
654 1419 758 1472 262-
771 1419 833 1474 271.
865 1415 953 1488 Majar
975 1433 1005 1486 p.
1023 1415 1239 1474 71—1oaei.
1265 1415 1392 1490 deutsclq

176 1489 319 1566 Erbfolge
338 1492 416 1546 1805.
451 1489 545 1544 Forte.
564 1491 586 1543 l.
606 1507 634 1560 p.
657 1493 779 1545 11-51.
799 1491 946 1544 tto-tto.
975 1497 1023 1555 et,
1056 1487 1108 1556 qui
1127 1487 1197 1540 huic
1215 1487 1392 1566 suffragatup

177 1563 317 1618 Eicbhnrn
337 1564 360 1616 l.
380 1561 411 1633 ᾗ.
431 1567 474 1619 19.
493 1563 537 1618 65.
581 1562 657 1628 Quae
676 1563 780 1617 ceteris
797 1561 998 1634 probabiliora
1017 1559 1172 1626 videntur,
1203 1560 1340 1616 breviter
1360 1569 1392 1628 en

177 1653 291 1706 ponasn.
330 1635 431 1690 Omnis
449 1635 567 1704 quidem
584 1636 747 1701 successio,
768 1635 854 1689 etiam
873 1633 1022 1709 legitima,
1050 1649 1111 1686 non
1130 1641 1172 1686 est
1191 1633 1265 1686 iuris
1286 1635 1392 1700 natura

178 1707 231 1774 lis,
250 1708 301 1764 sed
318 1727 399 1762 mere
419 1707 574 1761 arbitrarii.
595 1709 636 1772 (v.
657 1708 790 1766 Gebauer
806 1725 835 1778 p.
855 1709 990 1776 553seq.)
1026 1706 1117 1760 Prisci
1134 1713 1230 1760 autern
1250 1703 1392 1776 Germani

176 1780 576 1918 8118“8““1ἷέἒ.18ἶ8’
595 1780 833 1920 18881888
852 1777 1392 1914 888ἔ.ἓῖἑ8’.ἒ“8.888.ἒ8

176 1925 253 1998 apud
271 1933 315 1980 tot
332 1890 546 1980 homines’non
559 1869 667 1979 iiber-ds
680 1925 793 1995 sibique
806 1925 952 1993 obnoxios,
973 1941 1060 1994 quam
1075 1925 1132 1978 tuti
1145 1923 1178 1978 ab
1190 1925 1271 1978 omni
1283 1921 1392 1994 iniurip?

176 1999 213 2051 iis
232 1998 431 2069 temporibus,
450 1997 553 2067 quibus
570 1997 691 2072 publica
709 1997 839 2051 nondum
858 2005 941 2052 erant
960 1995 1085 2060 iudicia,
1114 1996 1222 2058 delicta
1239 2005 1271 2051 et
1289 2015 1392 2070 accusa

176 2079 271 2132 tores,
306 2070 445 2124 cavebant
462 2069 672 2125 coniunctione
690 2087 723 2124 ac
741 2069 875 2138 foedere,
909 2078 973 2124 tum
991 2070 1138 2124 communi
1156 2069 1244 2124 totius
1263 2071 1392 2224 civitatq

75 2169 79 2176 ·
176 2151 239 2196 tum
263 2143 409 2218 singulari
434 2141 613 2196 familiarum
641 2150 670 2196 et
698 2143 994 2216 consanguineorum,
1025 2141 1141 2206 (Germ.
1158 2143 1260 2214 Magen
1279 2161 1296 2197 a
1316 2161 1375 2198 ver

175 2233 294 2286 mugen,
312 2219 429 2286 wigen,
447 2233 561 2286 magen,
580 2231 682 2285 posse,
700 2215 814 2282 valere,
840 2215 918 2269 unde
935 2213 1116 2286 ldagscbaft,
1141 2215 1293 2290 cognatio,
1325 2217 1392 2300 cuiq

175 2305 276 2356 synon.
298 2295 341 2341 est
360 2286 540 2358 Sippscbuft,
568 2287 826 2359 Schwerdtmagen,
859 2306 875 2340 a
918 2287 975 2351 ati,
1009 2288 1199 2360 Spilimngen,
1223 2291 1365 2362 cognati,
1391 2305 1392 2356 1

177 2361 282 2430 spille,
301 2361 434 2430 Spirensi,
455 2361 587 2430 spondet,
605 2361 678 2428 fisso,
698 2361 740 2415 sic
759 2361 841 2424 dicti,
888 2363 1062 2432 agelmagen,
1080 2363 1198 2448 cognati
1216 2361 1295 2414 intra
1316 2357 1392 2436 septi

175 2451 258 2486 muru
277 2433 419 2510 gradump
455 2433 514 2488 nisi
538 2433 635 2504 potius
659 2433 870 2504 appellationes
895 2433 965 2486 istae
984 2452 1000 2485 a
1019 2451 1151 2504 corporis
1170 2434 1291 2488 humani
1313 2437 1392 2512 merri

175 2505 254 2574 bris,
292 2523 400 2576 quasa
419 2505 512 2578 capite
530 2506 624 2580 magis
641 2522 734 2577 paene
753 2505 857 2560 ceteris
876 2506 991 2574 absunt,
1027 2525 1043 2560 a
1061 2507 1227 2561 ventriculo
1247 2513 1277 2560 et
1294 2507 1330 2560 di
1355 2511 1392 2572 ito

175 2597 242 2636 rum
262 2580 425 2656 unguibus,
444 2581 552 2650 petitae
571 2585 685 2634 suntet
706 2577 873 2639 sconarda..
886 2577 1016 2655 gladius,
1035 2579 1072 2634 ad
1088 2579 1200 2650 patris,
1219 2579 1298 2644 viri,
1324 2527 1392 2658 §paq

144 2681 147 2700 ι
175 2653 220 2706 del
234 2653 342 2716 fusum,
362 2651 397 2706 ad
416 2653 527 2718 matris,
546 2653 682 2718 feminae,
702 2668 736 2706 co
760 2652 907 2707 nationem
926 2651 1045 2706 virilem
1063 2660 1190 2724 spectat3
1221 2671 1250 2706 r.
1270 2651 1392 2724 Gebaus

174 2743 203 2796 p.
223 2729 386 2782 oto-363.
405 2725 504 2780 Barth.
525 2725 564 2780 11.
583 2742 612 2795 p.
632 2726 730 2781 353.3
769 2727 858 2782 .358.
880 2733 911 2779 et
928 2724 1049 2780 Weiske
1067 2743 1096 2795 p.
1116 2728 1192 2790 270.)
1220 2725 1272 2795 qui
1288 2727 1392 2797 propi

175 2815 291 2869 quorum
311 2801 498 2863 inimicitias
522 2801 601 2850 iustu
620 2797 776 2850 libertatern
792 2799 1016 2866 periculosiores,
1044 2799 1121 2868 (cap.
1141 2801 1175 2854 21
1191 2799 1254 2869 pr.)
1278 2741 1392 2872 tutelari

175 2869 290 2934 (Germ.
310 2868 469 2933 inundinm)
487 2869 691 2938 ultionemque
707 2871 913 2938 suscipiebant,
947 2869 1022 2924 inita
1040 2872 1193 2938 societate,
1222 2877 1255 2924 ut
1272 2873 1392 2962 mutusq'

176 2942 432 2996 sibisecuritatem
460 2950 489 2996 et
512 2941 635 2994 tutelam
660 2950 843 3012 praestarent
869 2959 1029 3012 omnesque
1046 2944 1254 3013 propulsarent
1271 2944 1392 3020 iniuriap

177 3014 252 3080 Quas
270 3031 308 3068 ne
327 3015 393 3083 quis
412 3013 533 3084 impune
551 3013 643 3066 alicui
661 3013 803 3078 inferret,
830 3015 882 3084 qui
900 3031 1002 3086 pacem
1022 3017 1063 3068 ita
1081 3018 1227 3091 fregerat,
1255 3033 1326 3070 reus
1348 3033 1392 3098 eq

176 3085 314 3146 mulctae.
353 3085 431 3140 Haec
449 3101 519 3140 vero
540 3084 696 3142 debebatur
714 3093 744 3140 et
762 3087 840 3142 laeso
859 3095 889 3142 et
906 3089 1096 3159 propinquis,
1122 3091 1174 3159 qui
1194 3089 1283 3142 etiam
1306 3090 1344 3144 de
1367 3111 1381 3144 s

176 3157 291 3214 lutione
311 3157 374 3218 aius¹
391 3157 540 3213 communi
559 3157 716 3228 sponsione
735 3158 881 3214 cavebant.
912 3159 956 3216 Cf.
977 3161 1012 3214 ad
1033 3165 1111 3216 c.12.
1133 3181 1161 3216 n.
1175 3166 1202 3220 7.
1219 3169 1248 3216 et
1258 3165 1286 3218 8.
1327 3165 1372 3216 Hi

176 3231 322 3284 naturalia
340 3239 427 3300 atque
446 3229 594 3300 simplicia
614 3231 801 3287 successionis
819 3232 983 3304 principiae
1021 3239 1050 3296 1)
1070 3235 1165 3290 Iustus
1185 3235 1296 3289 mortui
1315 3171 1392 3310 bouq

176 3320 243 3356 rum
261 3303 431 3374 possessoris
450 3302 536 3370 hares
555 3311 616 3370 est,
653 3304 704 3374 qui
728 3311 791 3361 tum
814 3305 987 3380 sanguinem
1016 3306 1076 3360 eius
1094 3307 1198 3373 habet,
1229 3323 1366 3383 consang

175 3393 263 3442 neus,
283 3383 346 3430 tum
366 3375 492 3430 eiusdem
511 3377 634 3430 mtelam
653 3384 682 3434 et
699 3376 842 3430 ultionem
859 3378 997 3448 suscepit.
1017 3379 1110 3445 lllajer
1125 3397 1154 3450 p.
1168 3384 1204 3438 71
1213 3398 1272 3450 seq.
1294 3385 1361 3437 123.

176 3449 226 3502 lex
242 3449 331 3525 Angl.
354 3457 383 3504 et
400 3448 516 3505 Werin.
537 3451 568 3514 0,
589 3450 615 3526 5.
635 3467 679 3520 ap.
699 3449 893 3576 Lindenbrop.
914 3469 942 3520 p.
962 3453 1024 3506 est.
1070 3453 1118 3505 Aa
1133 3471 1316 3525 quormque
1334 3455 1392 3540 lzeq

176 3521 250 3576 ditas
267 3529 359 3578 terrae
376 3525 547 3592 pervenerit,
565 3522 619 3576 ,ad
634 3523 715 3574 illurn
733 3527 818 3576 sestis
838 3525 867 3576 be
881 3525 935 3576 lica
956 3527 975 3576 ἰ.
994 3543 1016 3578 e.
1036 3525 1125 3578 lorica
1142 3535 1171 3578 et
1188 3528 1262 3579 ultio
1279 3532 1373 3595 proxi

176 3601 204 3646 ei
222 3596 326 3648 solutio
345 3596 432 3648 leudis
451 3595 526 3648 debet
542 3597 688 3663 pertinere.
725 3597 756 3660 2)
785 3596 845 3662 Quo
868 3595 990 3666 propior
1017 3597 1123 3667 aliquis
1150 3599 1286 3652 defuncto
1316 3585 1392 3654 bon¹

177 3684 244 3718 rum
270 3668 428 3736 possessori
458 3674 500 3720 est
524 3667 773 3742 consanguinitate
798 3676 827 3722 et
850 3685 908 3738 quo
925 3669 1031 3739 purior
1047 3671 1080 3722 in
1097 3669 1154 3726 boc
1172 3672 1292 3747 sanguis
1312 3609 1392 3744 illisi

177 3753 210 3792 eo
229 3740 353 3808 propior
369 3737 542 3805 hereditati,
562 3757 590 3792 v.
610 3757 635 3792 c.
654 3739 736 3793 lilius
753 3741 875 3811 propior
893 3749 1014 3813 nepote,
1035 3759 1125 3813 nepos
1143 3753 1316 3814 pronepote,
1338 3755 1392 3822 pq

176 3811 538 3954 stottttstffttt
551 3819 688 3938 888.οῗ
706 3813 1392 3968 ..8888883388888881811,

71 3967 73 3974 ’
175 3954 365 4025 potibusque)
382 3956 433 4008 vel
452 3973 487 4010 ex
505 3955 606 4010 eodem
624 3958 705 4010 fonte
723 3956 839 4023 hausit,
869 3960 932 4014 sive
950 3967 1044 4014 totum
1065 3969 1095 4014 et
1114 3961 1305 4029 immediate,
1338 3965 1388 4028 (fr

176 4035 237 4081 tres
256 4045 323 4080 cum
340 4027 476 4098 posteris)
496 4027 556 4082 sive
576 4047 612 4082 ex
629 4037 712 4098 parte
732 4037 761 4084 et
778 4029 918 4097 mediate,
935 4033 1040 4086 fratres
1058 4041 1214 4102 parentum
1231 4052 1304 4088 cum
1323 4053 1386 4106 pro

176 4100 311 4152 mascula.
357 4103 388 4168 3)
408 4101 475 4156 Non
495 4101 604 4176 singuli
620 4101 780 4156 succedunt
797 4103 938 4170 heredes,
970 4105 1020 4158 sed
1038 4105 1141 4161 ordine
1159 4108 1304 4162 continuo
1326 4117 1354 4162 et
1379 4115 1392 4184 q

175 4172 239 4224 mul
256 4173 373 4247 integra
391 4173 557 4249 generatio,
577 4191 593 4226 a
612 4176 761 4228 communi
778 4185 900 4246 parente
919 4178 1014 4248 (cippo
1019 4213 1029 4240 ,
1047 4179 1131 4250 Sipp)
1150 4180 1291 4248 oriunda,
1314 4183 1392 4252 (cuii

176 4260 344 4318 progressus
371 4245 437 4298 ordo
463 4252 498 4308 et,
514 4244 614 4299 Tacito
641 4248 748 4318 gradus
772 4249 892 4317 dicitur)
920 4249 1019 4306 Germ.
1046 4259 1075 4304 et
1098 4251 1131 4306 in
1150 4253 1228 4328 legg.
1247 4253 1392 4328 parenteq

174 4319 344 4384 parentius,
362 4322 467 4390 stirpe,
493 4319 585 4380 linea,
613 4323 759 4390 geniculus
778 4339 799 4374 s.
818 4325 981 4395 genantur,
1010 4321 1123 4395 (propr.
1145 4326 1279 4396 corporis
1302 4327 1392 4392 artico]
