2846 4802
163 207 226 274 318
465 205 689 275 DlALOGUS
710 209 768 274 DE
791 206 1076 275 onerositas,

162 373 227 444 pria
246 373 395 429 differunt.
415 393 443 428 r.
463 374 499 430 ad
517 375 552 431 G.
574 381 617 431 11.
637 394 664 428 11.
684 379 710 432 3.
730 405 767 416 -
802 374 959 430 ueterum
981 377 1109 430 societate
1130 375 1256 444 plurium
1273 371 1415 435 defendis

164 448 198 498 01.
219 447 255 499 ad
273 447 307 499 11.
327 449 354 514 2,
373 449 417 515 52,
436 449 462 503 5.
482 477 519 490 -·
536 449 585 502 sed
600 456 628 501 et
646 452 738 519 ipsam
757 449 821 504 edd.
841 456 897 502 ret.
916 455 946 502 et
963 449 1042 518 lips.
1062 449 1099 500 al.
1118 454 1152 499 ut
1170 454 1200 500 et
1218 446 1280 500 cod.
1302 447 1412 500 Far-n.

163 518 205 572 ct
225 519 261 572 ad
281 537 305 573 c.
327 525 350 574 1.
371 523 445 576 113.
482 521 531 575 aed
547 521 580 573 id
593 523 685 592 ipsum
705 523 779 576 coni.
799 519 891 574 liban.
912 527 941 575 et
958 521 1007 574 sed
1022 525 1113 592 ipsun
1132 521 1205 572 Mur.
1245 520 1325 572 lllud
1352 536 1414 572 re·

163 599 280 661 ceptum
298 610 315 646 a
332 591 466 646 Francos.
487 592 589 648 colon.
609 594 709 660 sesb,
733 593 790 648 boc
815 594 850 646 ab
876 593 947 646 Ern.
967 591 1033 646 Scb.
1055 593 1103 646 Ob.
1124 591 1176 644 Dr.
1195 592 1240 645 Os.
1260 593 1308 646 Or.
1354 591 1419 645 sed

162 672 190 716 et
209 667 300 734 ipsum
327 673 353 718 et
374 668 464 718 aalma
487 665 563 719 coni.
590 666 689 720 Gutm.
708 694 745 706 -
773 666 849 736 opud
863 685 910 720 voa
927 683 1065 737 ergeuen,
1096 683 1123 718 r.
1143 663 1180 716 ad
1197 664 1270 716 Anu.
1290 670 1325 731 3,
1352 668 1410 720 72.

162 737 238 806 apud
252 755 299 790 aas
324 737 388 790 edd.
404 737 483 807 Lips.
509 745 616 807 paster.
644 747 673 792 et
691 755 749 792 rec.
770 757 798 791 v.
818 738 854 792 ad
873 755 897 792 c.
918 743 943 792 1.
962 755 991 791 11.
1010 743 1038 794 3.
1075 737 1152 806 «qiud
1167 754 1211 790 eos
1237 736 1301 791 edd.
1331 745 1410 790 vet.

164 810 243 880 hips.
271 810 308 862 al.
346 809 423 880 apud
444 817 471 864 te
497 828 527 864 eo
551 809 646 876 (ideo)
670 829 791 882 arguam
814 827 872 864 non
894 811 971 864 male
1003 825 1078 864 corr.
1099 811 1172 861 Mur.
1211 809 1269 874 „ld
1288 809 1412 880 probat

162 880 260 948 Acid,
279 899 370 951 quum
388 889 448 936 tres
466 889 579 936 tentum
597 881 695 936 adsint
713 883 923 949 collocutores,
942 881 1037 952 Aper,
1058 881 1110 952 qui
1129 891 1259 946 accuset,
1285 883 1411 934 Mater-

162 971 230 1014 nus,
256 971 342 1024 quem
367 962 488 1028 arguat,
521 954 645 1024 ideoque
672 973 747 1010 unus
775 963 888 1008 tannim
917 955 1101 1024 relinquatur
1120 953 1229 1007 arbiter
1247 959 1276 1006 et
1294 953 1412 1017 iudex,

161 1025 324 1092 Secundus,
353 1026 430 1096 apud
457 1043 545 1096 (1111111
571 1029 717 1082 Maternus
741 1026 834 1097 possit
852 1027 990 1078 incusari.
1027 1023 1411 1090 succlamassem

162 1099 250 1152 etiam
277 1105 415 1168 quartum
440 1097 572 1166 affuisse,
599 1099 777 1168 scriptorem
795 1097 922 1171 Dialogi.
953 1115 980 1150 v.
1005 1100 1113 1166 capi.
1139 1103 1170 1150 ct
1187 1097 1251 1150 423³
1268 1097 1409 1152 Dronke.

161 1170 322 1224 Enimvero
340 1169 393 1222 bic
410 1185 471 1224 non
489 1187 570 1222 suam
588 1170 718 1238 protulit
735 1168 922 1235 sententiam,
950 1168 1000 1222 sed
1018 1169 1141 1222 illorum
1159 1183 1323 1224 sermonem
1346 1185 1409 1222 re-

160 1243 253 1312 petiit.
273 1261 301 1296 v.
323 1259 384 1311 cap.
405 1245 430 1296 1.
468 1241 513 1294 Eo
538 1248 635 1296 autem
653 1242 769 1296 facilius
784 1241 918 1296 excidere
936 1241 1033 1311 potuit
1057 1249 1099 1301 te,
1126 1239 1196 1308 quia
1215 1247 1298 1294 vetuo
1316 1241 1408 1294 scri·

160 1321 247 1384 ptura
266 1322 309 1369 est
326 1322 405 1384 apid.
425 1342 457 1354 -
477 1321 561 1368 natus
579 1316 618 1368 ad
633 1318 817 1386 eloquentiam
835 1316 944 1368 virilem
963 1322 991 1368 ct
1008 1316 1178 1375 oratoriam,
1195 1311 1226 1364 11.
1247 1329 1271 1366 e.
1291 1313 1408 1366 saren-

160 1405 238 1454 setn,
257 1387 328 1455 quia
346 1387 596 1447 insumeretur,
611 1397 764 1456 peroratur
782 1403 883 1450 causa3
911 1385 992 1440 Nar.
1015 1388 1146 1440 Orrdoria
1164 1387 1229 1455 eloq.
1248 1383 1278 1436 11.
1299 1387 1320 1440 1.
1343 1387 1407 1438 di-

161 1459 323 1535 stinguitur
340 1477 357 1512 a
368 1457 508 1528 facundia
525 1461 736 1528 recentiorum,
757 1476 851 1528 neque
871 1459 912 1511 ita
929 1466 1062 1524 vocatur,
1081 1457 1161 1529 quod
1179 1463 1300 1513 oratoris
1319 1473 1407 1529 pro-

159 1533 225 1603 pria
253 1540 313 1598 eat,
342 1531 391 1585 sed
414 1531 575 1601 opponitur
599 1535 765 1604 eloquentiae
789 1532 837 1584 illi
862 1534 998 1585 amariori
1020 1540 1102 1603 atque
1125 1533 1285 1601 augustiori
1309 1549 1334 1584 c.
1369 1533 1404 1584 1.

161 1611 255 1671 extu,
284 1604 305 1658 i.
329 1621 354 1658 e.
373 1603 524 1658 facundiae
542 1605 689 1675 poeticae3
714 1605 833 1658 Dronle.
871 1604 1068 1660 Probabiliora
1091 1603 1250 1674 disputavit
1267 1601 1402 1658 Walch.

162 1676 195 1730 iu
213 1676 335 1730 Emend.
355 1676 419 1730 biv.
438 1693 466 1746 p.
486 1679 549 1732 tot.
575 1685 604 1732 et
629 1677 746 1747 quidem
763 1676 850 1732 baec:
888 1678 1012 1739 „Oratio
1029 1675 1180 1747 speciatim
1200 1683 1243 1729 est
1262 1675 1404 1730 elocutio

162 1749 303 1816 oratoria,
323 1765 397 1820 quae
416 1757 584 1804 ornamenta
603 1751 769 1822 suppeditat
786 1750 884 1804 oranti
902 1757 932 1804 et
955 1753 1034 1822 ioque·
1052 1749 1190 1804 ciceroni
1208 1749 1321 1802 dicitur
1338 1749 1403 1802 Or.

161 1823 206 1878 27.
245 1821 322 1876 lliuc
351 1839 387 1876 ex
408 1821 538 1876 licandus
566 1821 627 1876 Cic.
655 1823 692 1878 de
719 1840 762 1877 or.
792 1827 826 1889 1,
851 1825 896 1878 51.
944 1823 1076 1878 Socrates
1100 1820 1254 1891 repudians
1282 1822 1404 1892 Lysiae

162 1895 341 1960 orationem,
396 1902 423 1958 t,
450 1899 476 1948 ai
498 1895 587 1956 mibi,
614 1895 701 1956 dicit,
725 1899 829 1950 calceos
856 1897 998 1967 Sicyonios
1025 1897 1180 1954 1010111101,
1210 1913 1266 1948 non
1290 1902 1408 1954 morer,

155 1973 281 2038 quamvis
299 1967 403 2020 habiles
422 1975 511 2020 arent
527 1975 555 2020 et
572 1972 637 2038 apti
654 1969 692 2021 ad
704 1971 815 2038 pedem,
838 1973 905 2040 quia
924 1989 980 2024 non
999 1976 1087 2022 arent
1103 1969 1216 2032 viriless
1243 1970 1284 2021 sic
1304 1970 1402 2021 illam

156 2046 311 2094 orationem
328 2041 383 2093 siti
400 2044 601 2094 oratoriam
618 2042 722 2103 uideri,
733 2040 844 2110 sortem
862 2051 889 2095 et
907 2045 1019 2096 virilem
1036 2060 1092 2095 non
1111 2041 1206 2094 rideri.
1253 2038 1400 2092 111111111-

157 2113 204 2167 lor
226 2120 276 2166 aut
299 2111 357 2166 boc
383 2111 479 2181 ipsum
502 2117 593 2166 oratio
617 2118 763 2182 oratoria,
784 2115 801 2168 i.
823 2133 846 2170 e.
866 2113 969 2189 figuris
987 2114 1145 2168 verborum
1164 2112 1402 2167 sententiarum-

156 2202 213 2254 que
232 2192 349 2250 ornata,
377 2185 497 2253 respicit
520 2183 619 2256 λόγους
642 2190 899 2258 xeaoiiunnpirooc
923 2193 968 2242 eal
987 2189 1199 2256 κεκοσμημένους
1217 2182 1321 2257 ῥήμασι
1339 2194 1402 2239 καὶ

154 2256 286 2329 ὀνόμασι,
311 2273 436 2326 quorum
463 2266 586 2326 quantus
609 2260 830 2317 artifex.ftserit
848 2260 963 2329 [lysia-3,
988 2267 1018 2314 et
1037 2257 1154 2313 aliunde
1172 2266 1202 2312 et
1214 2275 1236 2312 c
1254 2256 1400 2312 Phaedro

156 2331 286 2386 Platonis
305 2337 425 2384 constat.
462 2329 506 2383 Eo
524 2333 645 2386 sonasse
663 2333 822 2402 respiciens
846 2332 963 2386 Tacitus
982 2332 1055 2384 dicit
1073 2333 1256 2402 eloquentiam
1273 2334 1401 2386 virilem

155 2413 181 2458 et
198 2407 356 2458 oratoriam
374 2401 405 2456 0.
424 2403 451 2456 5.
471 2405 497 2457 6.
518 2405 563 2460 8.”
600 2403 643 2458 cf.
670 2405 709 2458 ad
732 2422 757 2458 c.
776 2408 820 2462 26
842 2422 870 2458 11.
890 2407 916 2460 2.
951 2413 981 2459 et
999 2404 1035 2458 ad
1061 2405 1096 2456 li.
1114 2407 1150 2469 1,
1168 2407 1222 2468 61,
1241 2405 1267 2458 2.
1307 2402 1399 2470 Quae

156 2479 191 2531 de
218 2475 306 2530 huius
331 2476 515 2544 eloquentiae
540 2477 683 2562 dignitate
701 2477 854 2543 dicuntur,
882 2477 1053 2548 deprompta
1080 2484 1146 2530 suut
1165 2493 1181 2529 e
1199 2475 1261 2529 cic.
1282 2475 1318 2530 de
1339 2492 1395 2530 or.

156 2556 185 2612 1,
203 2553 230 2605 8.
250 2557 280 2603 et
297 2548 377 2602 Brut.
396 2551 440 2602 81
461 2547 512 2602 sed
528 2557 586 2604 arti
604 2551 760 2618 oratoriae,
780 2567 840 2606 non
859 2549 1043 2616 rhetoricae,
1072 2549 1259 2603 conveniunt.
1278 2576 1316 2588 -
1330 2567 1397 2617 pa-

155 2641 213 2676 rere
231 2621 309 2676 MSS.
329 2622 389 2674 Vat.
411 2628 440 2674 et
465 2621 508 2676 ed.
536 2639 582 2693 pr.
609 2623 660 2676 Dr.
693 2623 738 2678 Os.
764 2625 811 2678 Or.
849 2622 898 2678 Sic
915 2641 1013 2694 Parere
1030 2625 1169 2694 gloriam,
1192 2624 1398 2692 eloquentiane,

154 2700 297 2768 gratiam,
316 2699 523 2754 mectoritatem,
541 2713 708 2766 cognomen,
728 2697 894 2766 diciturque
910 2704 1060 2767 paratum,
1088 2694 1167 2764 quod
1191 2695 1277 2748 facile
1295 2701 1397 2764 atque

155 2768 191 2822 ad
209 2785 327 2822 manum
347 2775 398 2834 est,
415 2776 540 2837 parturn,
559 2767 637 2836 quod
655 2769 755 2822 labore
774 2779 803 2824 et
820 2768 925 2824 sudore
944 2776 1067 2832 conststs
1087 2767 1206 2822 Dronte.
1244 2767 1298 2820 Vix
1318 2784 1397 2822 cre-

155 2841 291 2895 diderim.
301 2841 467 2893 Amicitiam
485 2843 542 2894 sibi
558 2859 654 2910 parere
664 2842 761 2911 Nepos
772 2842 867 2896 Alcib.
878 2845 903 2898 7.
924 2851 953 2896 et
971 2843 1127 2896 amicitiam
1141 2848 1255 2910 partam
1273 2839 1395 2894 Fronto

154 2932 183 3043 i:
200 2917 245 3074 i..
255 2911 307 3073 11.
326 2912 908 3070 1111.,ὡ11ξῃ-0;·..11;1;.11..ῑ“ε·.
919 2912 1398 3054 111..·...·;.’;’,“’.1.1;111

151 3075 321 3195 artati,
332 3073 371 3186 ⁵0⁰:
391 3063 553 3184 1133ὲῖὶὲ
561 3057 832 3208 stetistis.
844 3063 972 3188 aas.
987 3057 1281 3186 1113112111.
1288 3061 1391 3188 1111

155 3213 183 3258 et
201 3206 280 3258 1198.
301 3203 377 3274 quod
396 3219 455 3256 non
474 3203 600 3272 improb.
626 3205 678 3258 Dr.
698 3213 728 3260 et
755 3205 868 3275 recepit
887 3205 931 3258 Os.
952 3205 1035 3258 Male.
1055 3233 1091 3246 -
1123 3208 1231 3258 arnittit
1247 3205 1391 3266 studium,

154 3275 281 3342 omittit,
301 3275 431 3328 dimittit.
453 3295 479 3328 v.
500 3275 765 3347 11111111.13,16.
802 3281 909 3330 omittit
937 3294 1014 3332 corr.
1036 3277 1129 3332 llben.
1149 3277 1265 3344 etalii,
1285 3277 1391 3330 iubis

154 3365 268 3420 quoque
286 3347 380 3404 Woli.
401 3349 432 3400 in
451 3348 572 3402 Miscell.
601 3351 711 3416 (Venn.
731 3349 895 3416 Schriften)
919 3367 948 3421 p.
969 3355 1032 3406 161.
1051 3351 1100 3404 ubi
1124 3349 1197 3404 haec
1214 3352 1388 3404 annotavit:

153 3421 226 3476 Sane
245 3420 357 3474 dicitur
374 3439 450 3490 spem
468 3426 609 3484 amittere,
633 3424 771 3478 dicuntur
797 3423 923 3476 similia:
948 3427 1079 3478 amittere
1105 3425 1227 3478 studium
1245 3441 1282 3476 an
1300 3423 1386 3476 lati-

154 3512 225 3546 num
244 3494 299 3561 sit,
331 3493 485 3548 admodum
509 3493 683 3550 dubitamus.
717 3499 810 3568 possit
827 3499 926 3550 amitti
943 3505 978 3551 et.
998 3503 1029 3550 et
1046 3502 1077 3550 in
1095 3499 1207 3550 civitate
1224 3505 1315 3550 essm
1333 3496 1385 3550 ed.

153 3584 198 3638 pr.
218 3595 254 3606 -
272 3570 315 3621 aei
331 3567 370 3620 ad
384 3567 552 3638 dignitatem
571 3571 709 3640 amplius,
743 3569 778 3622 ad
803 3569 978 3639 ampliorem
1007 3568 1036 3621 di
1080 3568 1181 3624 ‘tatem
1200 3585 1389 3638 consequen-

153 3639 218 3692 dam
237 3641 492 3694 accommodatius.
529 3640 607 3695 Ante
631 3640 702 3695 baec
725 3641 814 3694 verba
842 3642 981 3696 excidisse
999 3660 1029 3694 oe
1060 3642 1098 3694 ad
1112 3645 1281 3712 uoluptatem
1298 3641 1391 3696 bone-

151 3715 240 3772 stius‚
266 3729 301 3766 ex
326 3729 389 3783 cap.
416 3716 497 3784 dpr.
523 3714 683 3791 colligebat
708 3711 849 3768 Scburzfl.
893 3714 950 3769 Sed
976 3714 1088 3769 utilitas
1117 3715 1303 3783 eloquentiae
1322 3714 1388 3768 hoc

152 3801 212 3856 cap.
233 3784 437 3853 adumbratur,
455 3785 591 3856 voluptas
610 3805 635 3840 c.
655 3791 681 3844 6.
702 3815 738 3828 ··
763 3788 820 3848 ‚ad
838 3785 919 3842 Urbis
930 3785 1046 3856 sarnam
1063 3815 1101 3828 -·
1118 3797 1144 3842 et
1161 3793 1311 3848 notitiam,
1338 3804 1384 3841 sc.

151 3857 207 3910 sibi
234 3859 458 3928 comparandam
489 3859 520 3910 in
548 3860 626 3915 Urbe
652 3867 707 3914 cet.
756 3859 871 3914 Neritia
897 3857 986 3913 buius
1017 3861 1083 3914 aevi
1112 3861 1304 3931 scriptoribus
1336 3868 1386 3914 est

151 3932 226 3984 lama
245 3937 274 3983 et
291 3931 421 3984 nominis
440 3931 610 3998 celebritas,
631 3940 663 3984 ut
681 3949 743 4002 cap.
765 3938 807 3988 11.
829 3937 872 3989 13.
892 3934 954 3989 36.”
973 3932 1080 3988 Schola

221 4005 247 4057 1.
279 4002 416 4075 factaque
434 4011 530 4058 amira
549 4021 564 4058 e
583 4005 643 4058 cod.
664 4004 738 4071 (ed.)
757 4005 838 4060 Rom.
852 4023 868 4057 a
881 4005 980 4076 hipsio
1001 4006 1033 4058 in
1052 4006 1116 4062 edd.
1135 4014 1209 4078 post.
1228 4007 1385 4076 prolatum

150 4073 256 4129 dedere
271 4075 337 4129 edd.
356 4094 418 4130 rec.
430 4075 515 4146 facta
532 4086 627 4132 nostra
645 4077 706 4131 edd.
727 4096 772 4148 pr.
792 4081 853 4131 Put.
873 4078 937 4132 Ber.
964 4078 1056 4132 llhen.
1076 4087 1150 4144 tres,
1168 4080 1303 4132 Francos.
1325 4080 1387 4134 co-

151 4147 211 4200 lon.
231 4148 308 4220 Lips.
334 4147 411 4202 Pith.
441 4148 579 4222 sectaque
598 4168 651 4220 per
675 4159 776 4204 nostra
801 4149 877 4204 MSS.
899 4152 961 4204 Vat.
983 4155 1062 4207 1518.
1090 4153 1315 4210 1111966161
1328 4152 1387 4222 sa-

149 4222 371 4292 aequiperante
389 4243 416 4276 n.
436 4223 510 4276 coni.
531 4223 631 4278 Osann.
670 4227 789 4278 concilia
798 4261 808 4287 ,
835 4224 924 4287 dicta,
936 4223 1024 4294 sacta
1043 4244 1071 4278 n.
1092 4225 1165 4282 Pith.
1185 4255 1221 4266 -
1238 4227 1309 4294 quid
1324 4230 1384 4280 erit

150 4297 237 4348 tutius
256 4293 300 4347 ed.
319 4297 381 4348 Put.
403 4303 432 4348 et
450 4295 554 4350 deinde
571 4313 662 4366 paone
681 4292 792 4352 omuca'
827 4299 895 4367 quid
909 4301 985 4352 enirn
1004 4307 1024 4352 t.
1044 4298 1089 4352 ed.
1110 4317 1154 4370 pr.
1174 4307 1204 4354 et
1222 4298 1288 4352 Ald.
1312 4302 1389 4369 quid

152 4375 192 4420 eat
211 4374 231 4419 t.
251 4367 326 4422 MSS.
348 4369 410 4422 Vat.
431 4367 473 4422 ed.
495 4369 544 4423 Dr.
566 4371 610 4424 Os.
632 4371 678 4424 Or.
717 4371 784 4442 quid
806 4373 861 4424 crit
879 4373 977 4426 utilius
1002 4389 1077 4426 corr.
1106 4372 1186 4426 Acid.
1207 4371 1294 4441 idque
1313 4373 1387 4428 sub-
