2868 4798
540 231 684 300 osrur
710 233 784 299 xu.
831 221 832 224 ‘
980 201 981 204 ‘
1211 243 1271 308 ne

38 399 92 470 sip.
113 405 145 452 st
165 397 249 474 Eng.
269 424 307 436 -
343 399 413 452 olim
430 399 515 453 vidis
533 398 707 466 ἐι-01111105
726 403 802 454 Brot.
822 426 859 440 ·-
892 399 982 454 Ueteri
1003 413 1119 458 manent
1136 421 1190 476 pro
1209 417 1266 462 ant.

38 471 114 524 anne
132 477 277 529 mort,
312 470 385 524 leben
404 469 486 536 noch)
506 479 543 522 nt
561 471 597 526 G.
617 475 661 530 30.
699 474 803 528 durant
821 473 955 544 siquidem
973 477 1070 541 coliem
1091 475 1196 534 Walcl.

502 651 696 708 CAPUT
741 656 804 712 111.

106 761 149 823 ln
175 761 293 846 pedite
315 763 439 826 robur:
477 759 639 846 quaedam
667 767 818 832 nationes
849 777 884 832 et
914 787 1019 832 curru
1047 770 1265 852 proeliantur.

35 845 218 908 Honestior
241 848 381 934 anriga;
403 847 539 909 clientes
560 859 782 935 propugnant.
825 849 912 914 Olim
930 850 1065 938 regibus
1085 855 1263 936 parebant3

34 951 113 992 nnnc
136 950 207 1012 per
229 932 401 1012 principes
422 931 622 994 factionibus
644 941 678 994 et
710 932 831 998 studiis
853 935 1052 999 trabuntttrz
1087 955 1149 998 nec
1174 935 1283 1012 alind,

23 1007 192 1076 'mrersns
215 1013 438 1077 validissimas
458 1021 572 1096 gentos
598 1033 661 1097 pro
690 1017 786 1080 nobis
807 1019 943 1096 utilius,
981 1037 1081 1102 quam
1112 1019 1201 1102 quod
1230 1023 1267 1082 in

34 1117 206 1160 commune
239 1117 306 1158 non
336 1099 522 1160 consulunt.
574 1096 681 1160 Rarus
710 1099 838 1164 duabus
869 1101 1044 1184 tribusque
1073 1101 1267 1168 civitatibus

33 1181 67 1242 ad
85 1179 362 1264 propulsandum
383 1199 556 1243 commune
575 1183 763 1265 pericnlum
781 1189 973 1249 conventus.
1017 1185 1078 1264 lta,
1101 1183 1181 1248 dum
1199 1189 1266 1252 sin·

33 1268 91 1352 guli
136 1274 293 1350 ngnant,
315 1265 466 1328 universi
486 1265 680 1327 vincuntur.

1 1345 2 1376 ¹
105 1286 256 1411 (loeium
278 1347 406 1410 crebris
426 1347 590 1410 imbribus
612 1368 651 1410 ac
671 1349 799 1412 nebulis
820 1347 974 1413 foednm=
1016 1353 1178 1434 asperitas
1205 1355 1266 1416 iri-

32 1453 144 1519 gornm
168 1433 276 1494 abest
329 1429 470 1492 Dierum
499 1432 605 1514 spatia
636 1433 725 1494 ultra
746 1435 853 1495 nostri
874 1433 967 1496 orbis
988 1454 1198 1509 mensuram,
1233 1445 1267 1502 et

32 1537 86 1578 nox
109 1519 211 1578 clara
233 1523 268 1578 et
287 1522 436 1576 emensa
455 1512 647 1577 Britanniae
676 1523 772 1598 parte
800 1517 931 1596 brevis,
970 1525 1010 1580 nt
1040 1518 1140 1580 linem
1166 1527 1266 1602 abque

31 1603 162 1663 initium
186 1599 274 1662 lucis
297 1599 416 1683 exiguo
438 1595 631 1661 discrimine
651 1599 867 1662 internosces.
911 1599 1053 1682 Quodsi
1075 1601 1178 1664 nubes
1199 1621 1266 1665 non

30 1686 195 1762 officiant,
236 1683 342 1764 aspici
362 1699 425 1762 per
445 1690 575 1743 noctem
596 1683 674 1745 solis
695 1685 874 1770 fulgorem,
904 1701 965 1746 nec
985 1681 1137 1747 occidere
1157 1694 1191 1748 et
1211 1705 1267 1748 ex·

30 1786 189 1853 surgere,
214 1763 276 1827 sed
296 1766 465 1845 transire,
487 1767 664 1827 affirmant.
709 1761 843 1828 Scilicet
864 1776 1011 1830 extrema
1030 1775 1064 1828 et
1082 1768 1180 1850 plana
1199 1777 1266 1832 ter-

29 1871 161 1928 rarum,
197 1849 323 1910 humili
344 1847 479 1928 umbra,
520 1867 586 1910 non
609 1850 742 1936 erigunt
762 1849 932 1916 tenebras.
962 1851 1116 1934 infraque
1137 1852 1266 1915 coelum

28 1945 54 1996 et
72 1933 195 1996 sidera
217 1951 287 1993 nox
307 1930 406 1993 cadit.
454 1929 586 2004 Solum,
625 1942 760 2016 praeter
787 1933 893 1996 oleam
911 1935 1080 2016 vitemque
1101 1941 1135 1996 et
1156 1943 1266 1998 cetera

28 2017 252 2080 calidioribus
290 2015 391 2078 terris
429 2016 515 2078 oriri
548 2023 661 2096 sueta,
709 2019 839 2100 patiens
878 2019 1031 2102 frugum,
1075 2015 1264 2082 iocundum.

26 2101 136 2164 Tarde
177 2102 381 2171 mitescunt,
418 2099 485 2160 cito
516 2103 741 2182 proveniunt;
788 2097 969 2184 eademqne
1003 2099 1180 2185 utriusque
1214 2103 1266 2164 rei

28 2206 143 2264 causa,
168 2184 301 2244 multus
321 2183 444 2244 humor
464 2190 632 2246 temarnm
653 2185 811 2268 coelique.
855 2183 933 2247 Fert
951 2183 1125 2246 Britannia
1145 2204 1266 2248 aurum

1 2345 2 2348 Ἴ
30 2279 57 2330 et
74 2276 266 2356 argentum
288 2275 322 2328 et
341 2267 406 2328 alia
426 2267 572 2344 metalla,
594 2267 740 2350 pretium
759 2269 932 2330 victoriae.
975 2263 1091 2355 Gignit
1111 2273 1146 2330 et
1164 2265 1266 2331 Ocea-

1 2359 2 2370 *
29 2373 84 2414 nus
106 2350 323 2437 margarita,
345 2345 404 2410 sed
424 2348 579 2412 subfusca
602 2368 641 2410 ac
662 2351 809 2414 liventia.
863 2349 1006 2432 Quidem
1026 2359 1132 2412 artem
1153 2351 1266 2422 abesse

28 2435 216 2524 legentibus
240 2433 464 2505 arbitranturz
486 2451 563 2493 nam
584 2431 620 2492 in
640 2433 746 2495 rubro
768 2435 853 2498 meri
874 2437 953 2499 viva
973 2453 1011 2496 ac
1032 2435 1195 2516 spirantia
1215 2453 1266 2496 sa-

27 2524 72 2580 xis
93 2519 225 2594 arelli3
266 2515 302 2578 in
323 2513 511 2594 Britannia,
539 2523 642 2600 prout
662 2516 797 2598 expulsa
817 2519 903 2598 sint,
935 2515 1054 2602 colligi.
1096 2513 1165 2600 Ego
1186 2517 1266 2580 iaci-

27 2605 84 2665 lins
113 2598 348 2677 crediderim,
389 2607 544 2660 naturam
565 2599 753 2687 margaritis
775 2595 906 2680 deesse,
946 2619 1045 2684 qnam
1073 2599 1167 2662 nobis
1188 2619 1265 2663 ava-

27 2689 147 2749 titiam.

92 2807 119 2858 1.
162 2801 202 2854 In
219 2799 316 2870 pedite
341 2802 441 2862 robur,
468 2817 495 2854 v.
515 2799 551 2853 ad
569 2797 605 2852 G.
625 2803 652 2856 o.
672 2815 702 2852 u.
723 2803 766 2854 11.
786 2827 822 2838 -
854 2799 987 2870 quaedam
1009 2801 1139 2853 nationes
1166 2798 1205 2867 (v.
1227 2799 1264 2852 ad

1 2887 2 2968 p
26 2875 58 2929 G.
77 2879 105 2932 2
128 2893 163 2927 n.
183 2874 229 2936 9.)
262 2881 289 2925 et
314 2891 398 2927 curru
417 2875 613 2944 proeliantur,
641 2889 669 2925 v.
689 2870 727 2924 ad
745 2888 807 2942 cap.
827 2873 872 2929 35.
890 2891 919 2926 n.
937 2871 965 2927 5.
984 2899 1022 2913 -
1051 2871 1196 2926 honestior
1221 2878 1264 2926 ast

26 2953 148 3019 auriga,
179 2948 299 3000 clientes
313 2953 497 3018 propugnant
513 2959 568 3016 pro
588 2959 622 2997 eo
642 2944 762 3014 eiusque
780 2943 888 3011 salnte3
912 2959 989 3009 non,
1017 2949 1052 2996 ut
1070 2942 1148 3014 apud
1166 2945 1264 2997 Persas

25 3031 51 3075 et
68 3022 210 3076 Graecos
231 3017 431 3088 Troianosque
449 3015 570 3071 Homeri
588 3015 787 3086 temporibus,
814 3017 925 3084 ἡνίοχος
951 3015 1110 3092 ignobilior
1129 3023 1158 3068 et
1175 3036 1263 3090 nopo-

24 3093 106 3164 βάτης
123 3092 238 3154 heros,
267 3091 319 3160 qui
336 3109 376 3162 pu
420 3091 489 3144 abst.
537 3087 606 3140 Alia
629 3087 719 3141 tradit
742 3089 861 3143 Diodor.
881 3091 913 3156 5,
932 3093 978 3146 21.
998 3097 1028 3143 et
1045 3092 1089 3148 29.
1118 3104 1173 3142 nec
1196 3088 1263 3142 satis

24 3182 184 3253 φηςι-αις.
211 3161 320 3216 Walcls.
358 3165 476 3217 cientes
496 3160 704 3233 (Sctutntnge)
723 3159 857 3216 homines
876 3163 912 3215 iis
931 3163 1061 3226 similes,
1090 3161 1142 3232 qui
1157 3159 1264 3214 Roma·

1 3303 2 3338 l
23 3260 65 3292 Μ
84 3248 130 3368 ιζ
151 3237 380 3380 dbolpmnntqrfflm
401 3305 553 3377 parebant·-
581 3295 655 3360 nunc
677 3323 726 3374 per
748 3307 891 3430 principa
905 3302 1083 3374 factionibus
1107 3313 1135 3357 st
1159 3303 1265 3359 studiis

22 3389 60 3449 (r.
80 3385 121 3438 ad
142 3381 230 3436 dnn.
250 3385 356 3447 1,1o,
376 3381 433 3446 11.)
461 3379 631 3440 trabuntur,
658 3373 688 3431 b.
708 3395 732 3432 e.
754 3378 829 3433 distr
866 3383 971 3443 untur,
997 3377 1075 3447 quod
1093 3377 1265 3432 substituen-
1372 3421 1375 3430 i

1 3459 88 3510 ¹dnm
118 3451 267 3508 censebat
291 3453 392 3508 Heius.
428 3451 486 3506 Sed
516 3469 545 3504 r.
578 3449 615 3504 ad
643 3450 718 3504 Ann.
745 3453 783 3518 3,
812 3451 856 3506 et
895 3447 1075 3517 sectionibus
1103 3457 1130 3502 et
1161 3449 1266 3503 auidiis

22 3547 74 3601 pro
91 3527 214 3584 modiis
226 3523 406 3594 factionum
438 3523 514 3577 Roth
531 3540 560 3594 p.
579 3525 623 3578 42.
643 3541 671 3576 v.
691 3522 756 3577 lud.
774 3519 829 3582 111.
857 3539 891 3575 ν.
905 3521 1108 3594 Hendindyoin.
1146 3521 1263 3576 Grono-

22 3605 84 3656 rins
109 3600 195 3654 haec
226 3597 390 3654 annotavit:
423 3598 481 3665 „ln
509 3595 630 3650 Graecis
658 3595 844 3665 barbarisque
871 3595 1006 3670 gentibus
1029 3599 1162 3666 princepe
1187 3591 1264 3646 nibil

22 3675 103 3728 aliud
124 3681 189 3738 est,
220 3687 308 3740 qnam
328 3669 435 3738 aliquis
453 3685 627 3740 procerum,
652 3667 856 3739 optimatium,
880 3666 1040 3734 nobilium,
1065 3675 1100 3720 ut
1114 3665 1264 3734 ismenias,

24 3745 243 3808 minuamus,
262 3741 408 3796 Miltiades
422 3745 566 3812 principes
585 3739 808 3808 Thebanorum,
827 3739 1009 3807 Eliensium,
1028 3739 1263 3795 Atheniensium:

25 3823 52 3873 in
68 3819 182 3894 regnis
204 3823 342 3886 satrapes,
360 3823 489 3884 praetor,
507 3813 680 3884 praefectus,
699 3819 886 3884 purpuratus,
906 3812 1014 3865 amicus
1033 3829 1066 3867 re
1089 3813 1140 3866 'us
1180 3813 1265 3872 Olim,

27 3893 143 3962 inquit,
173 3889 292 3960 regibus
308 3888 467 3973 parebant,
483 3887 530 3939 in
556 3886 643 3939 certis
661 3885 792 3956 personis
811 3883 989 3971 familiisque
1006 3885 1059 3938 iun
1096 3885 1202 3938 bantur
1219 3899 1271 3937 re·-

28 3956 1182 4101 n:atitzttttltttttttt{titttttlttimtttt'sititis
1200 3957 1266 4080 lii

28 4119 68 4164 tas
88 4119 122 4164 et
142 4105 359 4168 distrahuntur,
390 4111 479 4176 prout
503 4103 609 4174 aliquis
634 4119 790 4174 procerum
816 4109 844 4157 et
869 4102 1014 4172 quondam
1033 4103 1149 4178 rog-ibus
1167 4098 1266 4172 proxi·

28 4200 147 4236 morum
176 4179 210 4232 vi
234 4187 264 4234 et
290 4177 399 4232 artibus
427 4177 463 4232 ad
487 4176 622 4231 homines
645 4175 841 4251 adiungendos
869 4175 1048 4246 clientesque
1075 4173 1216 4246 parandos
1236 4177 1265 4225 et

29 4253 203 4310 retinendos
223 4251 342 4307 evaluit.
387 4249 436 4304 Sic
460 4247 624 4305 Alexandro
654 4256 683 4302 et
707 4247 865 4302 maioribus
894 4247 956 4301 eins
982 4248 1101 4373 reqibus
1124 4243 1265 4318 parebant

29 4327 225 4389 Macedones,
262 4331 291 4379 et
318 4339 352 4378 eo
378 4329 494 4377 mortuo
512 4319 693 4390 sectionibus
718 4329 747 4374 et
769 4321 871 4376 studiis
896 4319 1021 4374 distrahe
1038 4327 1140 4381 antur,
1173 4317 1264 4372 donec

32 4402 120 4468 pauci
141 4397 290 4470 oppressis
309 4396 375 4450 aliis
392 4412 467 4450 nova
485 4411 575 4470 regna
594 4394 752 4447 firmarent.
798 4391 877 4446 Talis
897 4399 958 4446 erat
976 4400 1064 4446 status
1083 4390 1210 4457 Galliae,
1230 4387 1264 4440 de

889 4465 971 4536 16*
