2792 4792
179 215 241 280 118
540 211 715 274 ΗΒΕΙὼΙ
738 211 796 274 DE
819 209 1056 276 GERMANIA

180 399 211 434 aa
231 379 330 431 melior
347 393 422 430 corr.
443 377 544 430 Heius.
570 375 657 445 seror
682 386 710 430 et
737 378 807 430 tello
831 379 929 430 melior
956 377 1028 428 Mur.
1058 381 1087 428 et
1115 375 1198 428 Acin.
1224 374 1302 446 prob.
1326 373 1384 428 Ero.

182 450 260 518 „seu
284 468 339 522 per
365 465 543 525 proeeugma
568 458 596 503 et
624 449 809 520 hyperbaton
836 451 904 502 bello
931 451 1060 502 refertur
1079 447 1167 500 etiam
1187 448 1224 500 ad
1241 449 1340 500 melior.
1367 462 1384 524 r.

182 525 261 578 Cort.
282 524 318 576 ad
337 521 406 576 Sall.
426 523 492 596 Jug.
513 527 564 585 13,
585 528 609 576 1.
648 521 738 575 Reitz.
759 522 795 574 de
814 522 920 597 ambig.
940 538 969 590 Ρ.
990 522 1052 576 595.
1090 519 1219 572 Huschk.
1247 521 1279 571 in
1302 515 1384 573 wolfi:

183 595 267 650 Anal.
289 597 312 648 1.
332 613 360 665 p.
381 599 434 651 173
443 613 485 662 sq.
521 603 549 648 et
574 595 745 648 Ramshorn.
773 593 874 646 Gram.
894 609 923 664 Ρ.
944 595 1026 648 700.”
1055 591 1130 645 Pasa.
1150 600 1181 646 et
1197 593 1275 645 Heca.
1319 591 1384 641 Feror

183 670 268 730 bello,
296 667 347 738 qui
366 667 506 736 cupidine
525 667 655 720 bellandi
675 665 776 732 ardet,
810 675 839 719 et
856 669 955 719 melior
972 666 1057 726 tello,
1085 665 1137 733 qui
1155 673 1220 735 post
1240 664 1303 718 data
1320 663 1384 714 belli

185 757 235 794 cae
254 739 373 793 rimatis
393 739 565 792 documenta
584 739 708 791 militari
728 738 879 792 landeiam
892 740 994 802 floret,
1015 737 1137 790 Gebcuer
1154 755 1182 806 Ρ.
1193 740 1256 792 580.
1291 737 1384 800 „lmm

178 813 264 882 feror
282 820 324 866 est
342 811 443 875 fortis,
471 811 533 874 (vel
552 811 659 876 audax)
681 817 713 861 ut
733 811 768 862 ll.
788 813 822 876 2,
842 813 885 865 21.
913 829 941 862 r.
962 811 1063 862 Kraus.
1084 809 1265 872 advell.2,
1285 813 1308 861 1.
1334 806 1384 858 llue

185 886 260 939 derl.
281 883 393 937 hatein.
413 882 522 952 Synon.
543 883 576 936 Τ.
597 884 621 935 Ι.
641 901 669 953 Ρ.
689 886 733 936 11.
754 883 829 936 nuk.
850 877 915 936 lod.
936 881 1027 936 Flori.
1064 881 1164 935 Melior
1191 877 1230 934 id.
1258 880 1305 950 qd.
1324 883 1384 948 epeia

185 977 249 1082 o.
577 956 735 1090 ru.
754 955 796 1079 c.
809 955 885 1079 r.
1023 959 1175 1082 orm
1191 949 1384 1082 ‘erm

205 1047 219 1082 ⁸
243 1047 263 1080 Π
381 1065 387 1080 ·
493 1067 499 1080 ·
549 1066 556 1079 ·
632 1065 637 1079 ·
729 1065 735 1078 ·
889 1066 894 1078 ·
1012 1063 1020 1090 r
1059 1067 1065 1081 ·
1186 1063 1194 1089 r
1255 1062 1264 1090 r
1302 1065 1308 1076 ·
1383 1041 1384 1064 l

187 1099 397 1154 coniunctione
424 1044 546 1152 Positis-l
569 1117 635 1152 oum
655 1099 859 1168 comparativo
887 1117 915 1151 r.
934 1065 1005 1152 l’ass.
1032 1099 1068 1152 ad
1086 1117 1110 1151 c.
1130 1103 1156 1155 0.
1186 1107 1215 1152 et
1233 1095 1350 1150 Boeckh.
1368 1113 1384 1144 a

187 1173 268 1227 Pind.
295 1172 475 1235 01.1‚1ot.
503 1171 535 1223 T.
557 1173 579 1224 1.
603 1174 630 1225 P.
651 1173 688 1224 ll.
710 1189 737 1240 Ρ.
758 1173 839 1226 351.”
875 1172 951 1226 Haec.
991 1171 1035 1224 Cf.
1062 1171 1098 1224 ad
1124 1171 1193 1245 Agr.
1212 1175 1238 1227 1.
1279 1178 1306 1221 et
1332 1165 1384 1219 llud

187 1246 257 1303 dim.
274 1240 346 1297 inst.
365 1243 399 1295 Τ.
420 1244 458 1296 11.
479 1261 506 1312 Ρ.
527 1248 588 1298 103.

617 1423 810 1478 CAPUT
852 1424 979 1480 xxxnt.

270 1537 366 1600 quta
387 1536 569 1598 Tencteros
591 1535 747 1597 Bructeri
767 1537 847 1598 olim
868 1537 1097 1599 occurrebant.
1148 1536 1249 1598 Nunc
1277 1533 1384 1622 Charra

187 1643 247 1687 roe
269 1631 302 1684 et
322 1620 541 1706 Angrivarios
562 1621 768 1704 immigrasse
789 1629 957 1693 narratur,
980 1623 1084 1704 pulsis
1105 1621 1277 1684 Bructeris
1299 1639 1337 1680 ac
1356 1635 1384 1700 pe

189 1711 281 1768 nitus
304 1705 420 1766 excisis
441 1705 630 1766 vicinarum
652 1722 813 1764 consensu
833 1706 1026 1779 nationum,
1049 1725 1107 1766 seu
1126 1705 1304 1788 superbiae
1324 1701 1384 1764 odit

189 1810 248 1854 seu
269 1787 412 1873 praedae
433 1785 624 1861 dulcedine,
657 1807 715 1848 eeu
746 1790 861 1850 favore
888 1785 1030 1870 quodam
1061 1809 1098 1850 er
1120 1809 1140 1850 a
1167 1807 1227 1850 nos
1253 1786 1384 1848 deorum

189 1893 264 1936 nam
292 1892 334 1934 ne
364 1871 549 1953 spectaculo
579 1867 712 1951 quidem
745 1873 864 1952 proelii
892 1869 1053 1934 invidere.
1135 1892 1218 1956 uper
1245 1871 1384 1956 sexaginl

189 1957 293 2018 millia
320 1973 386 2015 non
415 1955 516 2014 armis
546 1955 685 2034 telisque
711 1950 885 2032 Romanis,
923 1953 998 2026 sed,
1037 1953 1126 2036 quod
1147 1953 1384 2042 magnificentie

190 2047 257 2116 est,
281 2037 491 2098 oblectationi
513 2037 683 2117 oculisque
704 2035 903 2099 oeciderunt.
948 2037 1105 2112 Maneat,
1136 2057 1279 2122 quaeso,
1304 2035 1384 2096 dure

191 2140 256 2204 que
277 2121 500 2206 gentibus,·ei
521 2137 587 2179 non
608 2137 703 2178 amor
723 2122 845 2191 nostri,
877 2131 911 2182 at
932 2129 1023 2182 certe
1044 2119 1158 2182 odium
1179 2124 1251 2197 sui,
1284 2111 1384 2202 quand

190 2209 226 2267 in
248 2202 444 2289 urgentibus
474 2202 606 2284 imperii
636 2203 712 2262 satis
742 2203 824 2262 nihil
853 2207 919 2264 iem
950 2213 1120 2286 praestare
1141 2205 1290 2266 Fortuna
1312 2205 1384 2262 maii

190 2296 298 2372 potest
318 2305 417 2368 quam
440 2285 582 2346 hostium
604 2281 813 2346 discordiam.

260 2408 284 2456 1.
322 2402 450 2454 Bructeri
478 2401 602 2454 maiores
636 2409 664 2454 et
693 2403 839 2471 minores,
875 2406 1017 2472 (minores
1053 2413 1132 2458 certe
1167 2412 1372 2459 memorantur

186 2475 281 2530 strab.
299 2479 332 2540 7,
353 2479 377 2528 1.
398 2481 427 2527 et
445 2473 517 2526 Ptol.
538 2476 573 2538 2,
592 2476 651 2536 11.)
680 2476 757 2529 intra
776 2477 930 2540 Rhenum,
959 2477 1122 2546 Luppiam,
1150 2479 1298 2530 Amisiam
1322 2471 1384 2530 etl

187 2544 928 2688 ‘tithei‘lthllttttt..ittettit?
946 2548 1127 2674 1131111
1145 2549 1384 2676 thltfflssth

188 2691 330 2746 Stertinio
338 2657 355 2757 ,ι
366 2635 556 2755 damnantem
577 2690 707 2758 Cereali,
727 2693 874 2763 Spurinna
893 2657 981 2759 victi,
1002 2692 1109 2747 deinde
1128 2695 1202 2746 socii
1221 2660 1384 2749 rianconn

188 2765 302 2818 Bruteri
329 2780 354 2816 c.
372 2761 483 2815 Arund.
521 2761 701 2856 Booodntepoa
720 2753 865 2818 dicuntur'
875 2767 947 2819 Ptol.
967 2767 1000 2831 2,
1021 2771 1064 2820 11.
1102 2763 1249 2840 Βούκτεροι
1273 2767 1372 2820 strala.

189 2842 223 2902 1,
241 2842 267 2893 3.
296 2835 360 2900 (ubi
384 2835 577 2888 substituendi
606 2842 751 2909 pruaapoa
778 2839 828 2890 vel
847 2856 882 2892 ex
902 2837 957 2891 MS.
976 2840 1061 2892 lllosc.
1082 2836 1258 2912 Bpoderapoc)
1296 2840 1384 2892 lirici«

189 2909 313 2984 Gregor.
333 2907 403 2960 Tur.
423 2909 460 2971 2,
478 2910 505 2960 9.
541 2907 677 2961 Burcturr'
698 2911 731 2961 in
758 2909 826 2962 Tab.
852 2913 931 2965 Peut.
968 2911 1150 2964 Boructuarii
1170 2911 1203 2964 in
1224 2911 1325 2966 Bedae
1349 2910 1384 2964 hl

188 2981 262 3034 eccl.
281 2983 315 3042 1,
335 2982 379 3032 11.
399 2995 443 3047 ap.
463 2977 585 3031 Ecoard
605 2981 651 3032 lv,
671 2979 765 3049 012.
803 2983 915 3036 Eorum
945 2983 1053 3054 oppida
1083 2985 1248 3055 osnebruga
1274 2993 1307 3038 et
1327 2985 1384 3036 alia

187 3053 262 3105 Ptol.
281 3055 310 3112 2,
331 3055 373 3104 11.
394 3057 563 3114 memorata,
584 3050 632 3120 (de
650 3053 753 3122 quibus
771 3075 799 3108 v.
819 3054 974 3110 Wilhelm.
995 3073 1023 3125 p.
1044 3057 1187 3112 128130.
1208 3065 1236 3110 et
1256 3055 1384 3110 Reichal

187 3141 216 3194 p.
235 3125 299 3181 257.
314 3124 393 3184 258.)
412 3119 608 3184 Medtotclrcoa,
627 3127 761 3192 (lllleteln)
780 3127 922 3198 Βογάδιον,
941 3127 1049 3194 (With.
1071 3129 1294 3194 Monaeterium,
1316 3129 1384 3182 Reit

187 3195 325 3259 Booholt)
345 3201 374 3248 et
394 3190 570 3269 Σωρεόπιον.
592 3195 820 3264 (Steiniurtum.)
850 3200 892 3254 Cf.
914 3207 980 3253 nota
999 3205 1026 3256 3.
1047 3209 1076 3254 et
1094 3201 1131 3254 ad
1149 3219 1174 3254 c.
1193 3204 1220 3255 2.
1242 3220 1272 3254 n.
1295 3205 1324 3256 8.
1355 3202 1384 3254 lc

189 3267 229 3320 11.
249 3267 342 3321 Strab.
361 3271 396 3330 7,
418 3272 443 3322 1.
470 3268 598 3335 Verte,
619 3271 680 3324 105.
711 3273 787 3325 Plin.
809 3290 853 3342 ep.
872 3275 908 3338 2,
927 3277 954 3328 7.
983 3273 1104 3326 Eumen.
1125 3290 1191 3343 pan.
1212 3275 1244 3326 in
1264 3275 1384 3328 Constat

188 3342 349 3406 12,1.13.
379 3341 641 3410 Nazar.pan.18‚
662 3347 688 3396 1.
716 3344 840 3400 Wiarda
859 3344 962 3398 Gesch.
982 3361 1009 3396 r.
1031 3345 1220 3399 Ostiriesland
1239 3347 1274 3400 T.
1299 3348 1324 3399 1.
1347 3363 1384 3415 p.

187 3412 251 3476 (ubi
275 3413 405 3464 Broemoa
432 3413 464 3464 in
492 3411 586 3466 Frisia
612 3414 716 3469 orient.
745 3435 759 3468 a
787 3417 934 3470 Bructeris
960 3425 989 3470 et
1012 3416 1064 3472 hos
1084 3435 1098 3470 a
1118 3416 1245 3471 Chaucis
1272 3413 1384 3476 oriuni

188 3489 299 3549 censet)
318 3485 414 3538 Barth.
434 3483 464 3554 0.
484 3488 546 3542 532.
581 3487 723 3541 Manuert.
744 3489 800 3542 111.
820 3507 848 3559 Ρ.
870 3492 931 3544 108.
951 3491 1013 3545 162.
1046 3489 1145 3545 With.
1164 3507 1193 3562 Ρ.
1213 3493 1324 3561 126511.
1359 3491 1384 3546 R

189 3555 287 3610 ehard.
306 3575 335 3628 Ρ.
354 3561 438 3626 2450.
467 3556 531 3626 (qui
554 3575 603 3612 eos
619 3560 716 3628 potius
734 3563 887 3614 Burrturoa
906 3561 999 3615 dictos
1018 3563 1107 3616 fuisse
1126 3563 1244 3638 colligit
1261 3581 1304 3616 ex
1326 3579 1384 3618 non

187 3628 274 3682 nibus
292 3629 426 3683 locorum
443 3631 563 3692 Borkcn,
591 3631 741 3696 cortrone,
771 3634 921 3696 Borkeloo,
953 3635 1218 3699 Barcholtahnusen,
1250 3637 1384 3696 Borkhor

186 3699 360 3765 Emabriren,
385 3701 509 3767 (Amisia
532 3703 756 3770 Burcterorum)
787 3708 970 3768 Idbmbrlren,
1001 3708 1194 3774 Amelrhd'rea)
1223 3709 1375 3764 Peterson

187 3774 353 3830 150-180.
385 3773 521 3830 Leuteclr.
547 3793 575 3846 Ρ.
595 3779 702 3848 atosq.
737 3795 765 3830 r.
790 3779 933 3836 Wersebe
960 3797 988 3850 Ρ.
1009 3784 1141 3838 80-86.
1160 3811 1197 3821 -
1233 3785 1384 3844 occurras.

188 3844 322 3898 euntibus
340 3865 362 3898 s.
383 3847 492 3916 oculis,
512 3847 542 3901 h.
563 3865 587 3902 e.
607 3848 782 3904 habitabant.
820 3853 867 3907 Ex
885 3853 994 3906 seriore
1013 3853 1131 3907 demum
1151 3854 1321 3909 Latinitate
1343 3873 1384 3912 rel

188 3915 314 3982 dictum,
334 3917 437 3971 cuuth

258 3991 285 4044 2.
324 3989 473 4044 Chamavos
490 3991 623 4061 primurn
642 3993 679 4046 ad
696 3993 848 4063 Rhenum,
874 3996 981 4052 deinde
1009 3997 1042 4050 in
1061 3999 1230 4069 episcopatu
1253 4001 1384 4056 radere

188 4061 274 4113 nensi
292 4061 342 4116 vel
360 4061 440 4116 inter
457 4063 548 4118 Visnr
571 4064 610 4118 'm
639 4067 804 4136 silvamque
823 4069 1021 4140 Hercyniam,
1056 4087 1112 4124 nec
1136 4088 1196 4126 non
1221 4073 1257 4126 ad
1286 4069 1384 4128 Vaha

188 4139 217 4184 et
235 4133 358 4198 lllosam,
391 4151 447 4204 quo
476 4151 523 4190 eos
566 4139 727 4194 cnstantius
755 4141 915 4196 deduxerat
933 4160 969 4196 ex
985 4142 1159 4198 Batavorum
1179 4145 1303 4208 insula,
1341 4145 1384 4200 ha

187 4211 300 4272 tentes,
332 4214 480 4276 postremo
515 4207 548 4260 in
574 4210 700 4280 patriam
730 4231 812 4265 suam
838 4214 993 4268 redeuntes
1024 4214 1060 4267 cd
1085 4215 1223 4270 Rhenum
1247 4224 1280 4269 et
1310 4217 1384 4276 subt

186 4273 367 4332 Francorum
387 4279 521 4350 imperio.
559 4289 687 4352 Χαμαυο1
705 4284 845 4338 dicuntur
862 4287 933 4340 Ptol.
953 4289 987 4351 2,
1007 4291 1050 4342 11.
1089 4287 1220 4360 Χάμαβοι
1237 4289 1384 4344 Juliano,

184 4361 226 4402 or.
245 4349 283 4402 ad
300 4350 329 4406 8.
347 4352 376 4404 Ρ.
397 4352 429 4420 Q.
448 4351 554 4407 Athen.
594 4355 726 4410 Citamabr'
742 4357 856 4429 Eunap.
877 4359 1024 4414 Chamaves
1037 4360 1143 4416 huson.
1164 4359 1279 4418 Mosell.
1306 4381 1340 4418 v.
1366 4369 1384 4420 1
