2756 4792
438 173 579 238 CAPUT
602 171 725 238 XXXI.
1132 176 1191 240 131

21 342 145 410 prudentiae
170 342 258 396 totins
285 339 530 416 significationem
548 339 667 405 abierit,
700 347 733 392 ut
756 345 850 410 posset
874 338 947 396 haec
974 339 1010 394 de
1036 357 1068 396 ea
1090 341 1192 398 ludere

21 415 138 468 talarius:
160 419 184 470 le
201 435 264 470 serra
282 433 408 466 commun
428 411 497 466 n'eet
510 431 564 484 pos
582 417 610 466 ai
627 412 780 466 commun.''

63 492 82 544 1.
111 489 151 540 Ad
178 487 227 541 bos
257 485 450 558 permovendos
480 485 671 540 mutuabimur
700 505 718 539 a
746 485 938 556 Peripateticis
967 493 1096 558 optoe—
1113 489 1190 542 locos.

19 559 96 620 balam
110 569 158 614 cet.
178 560 255 614 11188.
276 561 337 612 Vat.
358 561 438 614 1518.
458 561 538 616 1862.
558 558 601 612 ed.
621 557 701 612 hrot.
720 557 799 614 Seeb.
815 558 866 612 Dr.
887 561 931 614 Os.
951 559 997 613 Or.
1017 559 1067 613 sed
1085 569 1193 614 medua-

15 632 75 684 lr'raas
93 635 120 684 in
142 633 218 687 MSS.
247 632 349 685 iisdem
376 639 405 684 et
423 630 466 684 ed.
487 631 539 684 Dr.
576 631 615 684 ad
638 631 686 686 bos
704 633 903 701 promovendos
928 635 1116 688 mutuabimur
1139 637 1193 688 oli·

14 705 59 772 qaid
72 705 261 774 Peripateticis.-
280 713 358 773 aptos
375 732 410 743 -
430 707 502 758 locos
519 704 642 758 dabant:
663 705 748 758 Acad.
768 712 822 759 cet.
848 706 893 760 ed.
917 723 963 776 pr.
1008 707 1192 761 mutuabimur

15 779 92 846 aliquid
104 798 119 829 a
134 779 339 850 Peripateticis-¹
366 775 496 848 teleptae
514 805 550 817 -
567 777 684 839 ᾰαόιιιιῒ,
713 778 872 832 Academici
890 787 944 832 cet.
974 777 1018 832 ed.
1043 780 1105 834 Pus.
1125 780 1190 832 triv.

13 847 55 900 der.
70 848 146 904 liban.
166 857 191 905 1.
217 859 246 904 et
265 858 319 918 cet.
338 867 428 920 paene
456 866 573 916 omnes,
608 849 665 902 nisi
689 851 767 919 quod
791 853 980 906 mutuabimur
1006 851 1190 905 substitutum

14 921 115 976 inhlren.
132 927 156 980 2.
175 929 202 981 3.
224 931 252 976 et
271 940 330 976 rec.
367 921 494 988 ,‚llecte:
521 940 588 976 narn
615 930 740 976 mutuare
759 923 877 992 quidem
897 925 971 978 dixit
990 923 1132 978 Caecilius
1150 933 1192 978 te·

12 1000 40 1044 ste
52 995 138 1050 Nonio.
174 995 352 1050 Seddesunt
371 995 552 1065 exemplaret
574 1003 704 1066 susspecta
727 1004 795 1048 sunt
816 1005 939 1068 propter
961 997 1123 1067 scripturae
1141 1015 1192 1050 va-

12 1065 126 1133 rietatem,
157 1087 231 1138 quae
258 1065 422 1122 afferuntur
447 1086 462 1121 e
489 1066 554 1122 Seu.
584 1084 628 1138 ep.
654 1070 698 1124 72.
725 1077 754 1122 et
775 1070 837 1122 vat.
865 1071 937 1124 Max.
957 1075 993 1136 3,
1015 1075 1048 1135 q,
1068 1071 1113 1126 2.”
1145 1072 1190 1126 Oa.

12 1142 155 1196 anteatinus
182 1140 296 1213 aliquid
321 1161 339 1193 a
359 1140 564 1209 Peripateticis.
599 1142 687 1210 Apios
710 1150 740 1193 et
761 1146 791 1194 in
816 1161 924 1196 omnem
940 1171 977 1184 -
995 1145 1067 1196 locos
1090 1143 1194 1196 dabunt

10 1209 142 1274 Armenici,
168 1215 258 1267 Stoice·
272 1215 484 1285 pugnacitatem
504 1221 559 1266 cet.
589 1213 664 1268 coni.
683 1213 755 1266 llud.¹
774 1213 873 1288 Agric.
894 1215 972 1284 quod
988 1215 1074 1269 valde
1093 1216 1193 1284 place-

11 1281 40 1332 bat
53 1285 144 1354 lipsio.
182 1287 220 1340 At
247 1287 295 1340 illi
321 1285 510 1340 vehementer
532 1285 694 1338 falluntur:
729 1304 795 1340 nam
822 1305 877 1341 nec
904 1290 959 1341 loci
980 1288 1191 1358 Peripateticis,

11 1371 45 1406 nec
57 1357 222 1413 Academicis
239 1365 406 1430 pugnacitas
424 1357 597 1422 auferenda,
618 1359 702 1411 Gran.
738 1361 863 1430 aliquid,
895 1360 973 1428 quod
996 1361 1029 1412 in
1049 1359 1113 1413 edd.
1132 1368 1190 1414 vet.

8 1427 113 1484 mertum
131 1442 188 1498 eat,
207 1433 331 1508 glossam
348 1431 470 1488 redolet.
490 1459 523 1520 ·-,
557 1439 638 1500 aptos
655 1440 683 1484 et
701 1434 733 1485 in
752 1451 859 1486 omnem
876 1433 1092 1502 disputationem
1106 1451 1193 1502 poro-

8 1509 34 1552 τοι
47 1506 94 1554 lara
110 1505 196 1560 loeus:
227 1523 317 1569 „nam
336 1507 392 1558 loci
409 1521 459 1558 seu
478 1500 554 1560 sinos
571 1512 638 1556 sunt
657 1504 738 1572 quasi
755 1505 834 1558 sedes
853 1508 1020 1574 sontesque,
1054 1506 1191 1574 equibus

8 1587 139 1647 tegmenta
157 1585 351 1648 promuntur:
384 1573 457 1630 haec
476 1592 546 1630 vero
566 1576 720 1646 disciplina
738 1576 981 1648 inveniendorum
1006 1585 1193 1652 argumento-

8 1659 61 1708 run,
89 1649 120 1702 ab
138 1650 314 1714 Aristotele,
347 1657 465 1702 auctore
484 1648 756 1718 Peripateticorum,
784 1650 915 1718 inventa,
940 1652 1108 1704 continetur
1126 1657 1191 1704 octo

8 1715 46 1768 eius
61 1719 149 1786 libris,
168 1739 242 1792 quos
262 1723 425 1792 Topicorum
443 1721 561 1775 nomine
580 1721 747 1792 inscripsit,
766 1731 794 1777 et
813 1739 937 1792 quorum
955 1724 1037 1778 velut
1055 1739 1191 1802 pompen-

8 1787 58 1844 llun
80 1791 156 1848 dedit
181 1795 287 1850 Cicero
312 1793 432 1866 Topicis
457 1794 545 1848 suis.''
574 1793 679 1848 Schola.
718 1795 762 1849 Gi.
786 1796 861 1850 Plut.
880 1795 1014 1867 Sympos.
1034 1797 1058 1850 1.
1077 1813 1107 1866 p.
1126 1799 1203 1851 616.Ι

8 1859 43 1913 iit.
59 1863 122 1936 Tap.
142 1885 167 1922 c.
190 1873 214 1922 1.
240 1867 275 1922 de
295 1884 336 1920 or.
357 1872 388 1933 1,
407 1869 452 1923 31.
471 1869 503 1930 2,
522 1869 566 1922 81.
592 1874 620 1923 et
638 1884 681 1920 or.
701 1884 726 1920 c.
748 1872 790 1923 11.
816 1868 880 1922 ubi:
910 1869 1057 1935 (locutio,
1084 1868 1189 1936 inquit,

8 1944 130 2006 tprapriis
149 1946 278 2010 personia
302 1947 328 1991 et
352 1939 522 2008 temporibus
547 1940 586 1992 ad
607 1943 731 1994 universi
754 1945 863 2012 generis
881 1945 1036 1996 emtionem
1053 1942 1192 2000 traducta,

8 2013 126 2074 perflans
142 2014 242 2069 thesi
249 2033 269 2068 s.
306 2013 341 2066 ln
359 2012 411 2066 bac
426 2013 588 2068 Aristotelea
605 2014 798 2076 adolescentes,
828 2033 884 2068 non
910 2015 948 2066 ad
966 2014 1192 2084 pbilosophorum

8 2095 78 2135 tarem
93 2091 214 2142 tenuiter
231 2085 395 2143 disserendi,
426 2085 475 2138 sed
499 2083 537 2136 od
557 2089 666 2156 copiam
693 2085 833 2140 rhetorum
857 2092 889 2142 in
914 2095 1193 2160 utramquepartem,

8 2161 145 2212 toramine
164 2169 193 2212 et
213 2162 320 2213 uberim
337 2159 393 2212 dici
409 2165 516 2228 posset.
543 2163 679 2212 exercuitr
711 2161 832 2232 idemque
850 2163 954 2222 locos,
982 2160 1034 2229 (sic
1051 2166 1125 2215 enim
1144 2177 1194 2229 ap-

8 2229 68 2295 ater)
85 2235 167 2300 quasi
185 2239 410 2306 argumentorum
429 2239 525 2291 notos,
553 2232 687 2295 tradidit,
715 2233 785 2290 sende
809 2237 901 2287 omnia
919 2238 950 2288 in
968 2242 1111 2305 edrornque
1125 2251 1192 2302 por-

8 2315 34 2346 era
50 2303 200 2356 traderetur
217 2308 315 2358 oratio.
333 2333 370 2344 -
385 2305 544 2358 Academici
557 2299 786 2377 pugnacitotbme
804 2325 871 2360 nam
889 2304 1061 2360 Academiae
1079 2323 1190 2359 morem

8 2370 70 2438 risse,
98 2383 129 2430 e'a
149 2385 419 2448 utramquepartem
437 2377 567 2430 disserere
585 2386 612 2430 et
629 2379 770 2433 aduersari
786 2397 891 2448 semper
908 2383 1032 2434 emeritae
1051 2381 1082 2432 in
1100 2379 1192 2449 diepa·
1240 2403 1243 2408 ·

8 2447 74 2506 mdo,
100 2449 208 2504 dicunt
233 2449 351 2517 Quintil
372 2453 423 2511 12,
444 2451 486 2504 12.
515 2457 544 2504 et
569 2449 630 2504 cie.
657 2450 693 2504 de
717 2454 874 2516 or.1,18.
910 2451 1074 2506 Academici
1092 2459 1193 2504 ueteres

8 2527 56 2570 rant
71 2521 165 2587 Plato,
187 2522 383 2592 Speusippus,
400 2522 590 2586 Xenocrates,
610 2523 742 2588 Polemo,
763 2522 890 2577 Crantor
907 2531 936 2578 et
955 2524 1073 2588 crateae
1107 2524 1194 2577 medii

8 2593 146 2656 acesilaos,
167 2595 317 2664 Lacydes,
338 2592 734 2664 Darnophanes,Ecde1nus;
768 2601 835 2648 noui
852 2596 1027 2662 Carneades,
1054 2596 1193 2648 Clitoma-

8 2653 60 2728 bae,
86 2665 190 2734 Philo,
219 2664 404 2733 Antiochus„
421 2665 518 2719 Aristo
537 2666 634 2722 Chusa.
679 2667 768 2722 Medii
796 2675 825 2722 et
846 2669 916 2722 novi
944 2675 1027 2722 erant
1052 2667 1192 2738 sceptici,

8 2749 43 2786 teu
59 2737 235 2808 Pyrrhonii)
255 2739 307 2809 qui
325 2738 548 2807 contendebant,
582 2741 748 2810 probabile,
780 2740 907 2813 εὔλογον,
942 2740 1059 2810 quidem
1082 2739 1195 2808 aliquid

8 2821 34 2860 tse
50 2818 76 2861 et
92 2811 195 2868 videri
215 2828 312 2882 pesse,
341 2826 402 2864 non
425 2827 527 2864 verum
552 2819 580 2866 et
608 2820 737 2879 certum,
770 2813 847 2884 quod
865 2813 952 2879 sciri,
984 2812 1194 2883 comprehendi

8 2879 134 2936 ldecerni
154 2892 265 2954 queat,
296 2883 422 2952 adeoque
447 2883 584 2953 sapientis
608 2902 668 2939 esse
694 2888 803 2951 ἐπέχειν.
821 2913 858 2928 -
895 2885 974 2941 Plato
998 2887 1194 2940 altitudinem

8 2967 37 3004 tu
53 2957 184 3012 Platonis
207 2957 299 3013 oratio
317 2955 427 3026 poetica
445 2957 560 3026 potius,
592 2973 678 3026 quam
699 2957 847 3029 pedestris.
887 2959 968 3013 Conf.
987 2975 1059 3028 quos
1076 2957 1192 3013 schum

8 3043 32 3076 m
53 3028 205 3096 laudavit,
238 3029 313 3082 Plio.
335 3033 495 3098 ep.1,10.
529 3029 591 3082 cte.
611 3047 654 3084 or.
673 3035 717 3087 29.
753 3031 874 3097 Quintil.
895 3037 948 3096 19,
969 3035 1002 3095 1,
1021 3035 1068 3088 81.
1096 3031 1147 3083 ubi
1165 3047 1192 3084 v.

8 3097 62 3218 piel.
100 3102 190 3157 Idem
213 3099 278 3156 sen
298 3101 374 3156 coni.
405 3103 598 3164 testitudinem,
618 3103 687 3172 quia
707 3104 783 3156 Plin.
804 3104 823 3156 l.
844 3105 865 3157 l.
885 3104 971 3170 dixit,
990 3104 1024 3156 ab
1043 3102 1193 3174 Euphrate

8 3171 72 3224 los.
112 3175 295 3228 Platonicam
324 3177 403 3227 illam
425 3177 621 3228 sublimitatem
646 3184 671 3227 et
695 3177 873 3230 latitudinem
900 3173 1010 3245 effingi.
1047 3175 1104 3229 Sed
1129 3176 1195 3227 alti-

8 3242 36 3292 an
52 3254 92 3298 eet
110 3248 152 3300 id.
176 3247 229 3316 qd.
248 3249 426 3316 sublimitate
454 3255 483 3300 et
501 3247 537 3301 de
555 3249 704 3302 latitudine
722 3247 771 3302 vel
788 3252 848 3302 loto
867 3252 996 3302 oratione
1012 3266 1040 3299 v.
1059 3247 1094 3300 ad
1111 3249 1145 3299 ll.
1161 3251 1193 3312 1,

8 3317 26 3380 Ι,
42 3322 65 3372 3.
86 3319 234 3374 Catenaei
251 3329 347 3373 autem
366 3317 524 3373 observatio
544 3337 602 3374 nou
622 3327 664 3374 est
683 3321 844 3395 inelegans,
874 3323 1066 3382 latitudinem,
1085 3318 1194 3382 πλάτος,

8 3385 58 3442 ilani
74 3393 199 3447 Platoni
221 3409 287 3446 cum
306 3399 440 3477 respectu
454 3391 491 3475 ‘ad
509 3399 627 3463 etymon
645 3394 789 3458 uominia3
810 3395 916 3448 Gesner.
935 3393 971 3444 ad
990 3393 1061 3446 Plin.
1080 3421 1117 3432 -
1143 3393 1196 3443 Xe·

8 3461 721 3608 tlttss'ifflittlttittiimitati
741 3465 1196 3608 {itiit‘hlt‘ezttff‘tit

8 3623 27 3658 tt
48 3615 156 3668 leuatae
184 3614 388 3666 existimaverit
406 3609 496 3662 Cicero
518 3619 544 3662 et
568 3615 643 3680 ipsae
656 3610 772 3680 finiamus
788 3626 939 3664 sermonem
959 3609 1070 3664 Gratiae
1086 3612 1198 3666 videon-

8 3699 33 3744 r,·
51 3685 162 3741 schulz.
184 3711 226 3723 -
242 3683 361 3752 Epicuri
378 3690 406 3734 et
422 3681 572 3736 Metrodori
588 3682 718 3735 honestas
737 3683 869 3752 quasdam
887 3683 1111 3743 acclamationes,
1130 3684 1196 3738 bre.

8 3767 61 3808 set
79 3777 164 3812 raras
187 3757 364 3818 sententiam
389 3756 458 3808 Erae.
500 3755 633 3810 Fortasse
660 3753 820 3824 Epicurus,
852 3755 960 3823 quippe
984 3752 1141 3807 illiteratus
1168 3767 1197 3810 et

8 3832 184 3884 exercitatus
208 3827 239 3880 in
258 3827 397 3893 dicendo,
429 3827 529 3896 inopia
552 3827 665 3902 ingenii
683 3826 795 3896 saepius
814 3825 850 3878 ad
868 3829 1078 3881 exclamationes
1096 3827 1199 3881 confu-

8 3903 72 3968 ebat;
93 3905 215 3958 senata
240 3901 309 3954 coll.
339 3901 399 3954 Cic.
425 3898 504 3952 Brut.
525 3917 549 3954 c.
569 3903 614 3956 35.
634 3907 663 3952 et
682 3906 790 3968 quaest.
809 3899 892 3952 Tusc-
912 3902 946 3964 2,
966 3903 993 3955 3.
1031 3897 1199 3969 „Equidem

8 3989 79 4044 uper
96 3995 158 4048 per
179 3973 312 4028 maestae
331 3975 538 4028 exclamationes
557 3971 681 4044 Epicuri
709 3971 844 4024 intellexi
868 3973 958 4026 fortes
978 3973 1114 4040 quasdam
1132 3967 1199 4042 ysai-

8 4067 21 4110 e
44 4050 123 4118 eius,
165 4045 335 4101 cuiusmodi
361 4045 472 4115 aliquot
495 4045 636 4118 leguntur
660 4061 703 4116 ap.
731 4042 790 4096 cte.
810 4043 844 4096 de
864 4044 913 4096 fin.
933 4047 958 4100 2.
977 4041 1007 4112 8.
1027 4048 1071 4102 89.
1090 4048 1134 4100 99.
1154 4045 1198 4101 98.

20 4121 47 4171 in
70 4131 134 4178 tota
166 4139 185 4175 e
214 4120 259 4171 ist.
286 4117 323 4172 ad
348 4115 560 4171 Hermarchum
586 4117 623 4170 ib.
651 4115 680 4186 §-
699 4119 743 4172 96.
763 4131 807 4186 ap.
824 4115 893 4170 sen.
913 4115 948 4172 de
967 4117 1028 4172 otio
1047 4133 1104 4186 sap.
1124 4114 1157 4169 Τ.
1175 4115 1198 4168 l.

20 4195 73 4250 5⁵2.
95 4195 143 4251 ed.
204 4201 269 4245 ron'.
290 4191 322 4243 in
339 4189 404 4244 Sen.
424 4207 469 4260 ep.
489 4193 532 4248 66.
553 4197 582 4244 et
600 4190 657 4250 Ιιι1.”
688 4189 759 4242 Orel.
778 4205 807 4258 p.
828 4187 957 4242 uxvttt.
995 4191 1201 4251 ‚,¹⁴“aclamatio-

8 4267 90 4324 sillae
110 4261 379 4337 ἄνακραυγάσματα
396 4264 455 4334 iepoi
482 4262 645 4332 appellabat
671 4260 816 4331 Epicurus
843 4259 934 4329 iisque
953 4261 1120 4332 saepissime
1138 4268 1201 4312 ute·

8 4345 54 4393 lur.
91 4337 254 4407 Exempla
272 4335 438 4407 suppeditat
458 4335 542 4410 Diog.
563 4331 660 4390 lauert.
680 4333 712 4386 in
731 4333 790 4387 aila
808 4332 933 4406 Epicuri
952 4335 1003 4388 lib.
1023 4333 1055 4387 X.
1094 4333 1138 4388 Gi.
1158 4332 1201 4384 ibi
