2904 4802
223 205 285 268 uae
528 201 752 266 unnouus
774 203 832 265 on
855 149 1141 267 οιιιτοιιιιιιιε.

225 367 342 422 casaub.
363 375 446 422 notae
466 384 491 419 c.
510 371 556 422 5.”
582 369 657 422 Brot.
693 369 887 428 Metrodorus,
915 383 974 425 non
992 368 1140 438 Scepsius,
1170 371 1211 431 (v.
1233 368 1292 422 Cic.
1311 367 1397 420 Tusc.

224 444 268 497 21.
289 441 324 495 de
343 456 386 494 or.
407 445 440 506 1,
462 445 504 494 11.
524 444 558 507 2,
576 445 620 496 83.
647 441 721 494 ΡΙίιι.
741 445 777 506 7,
796 445 840 498 27.
859 443 913 506 35,
934 441 990 510 11.)
1010 459 1104 509 neque
1126 439 1232 506 Chius,
1264 439 1336 504 (uic.
1358 437 1413 489 Aee

164 549 166 557 ,
224 519 261 582 1,
280 515 340 578 22.)
357 513 408 566 sed
425 511 631 574 Atheniensis,
653 513 778 584 Epicuri
803 513 964 584 discipulus
983 522 1012 567 et
1032 515 1149 582 Sapiens
1167 513 1201 565 ab
1220 529 1253 565 eo
1272 511 1413 582 appellate

226 606 253 640 v.
273 586 335 640 cic.
356 586 441 638 Tusu.
461 588 495 646 2,
513 589 539 642 3.
560 586 595 640 de
612 587 661 639 fin.
680 589 713 653 2,
732 591 757 642 3.
778 587 890 658 Menag.
910 585 946 638 ad
964 587 1059 639 Laert.
1080 584 1381 650 10,22.111ι11ιιυι1ονί
1402 599 1413 635 e

225 677 270 731 pr.
289 687 326 698 -
340 663 448 730 poscit.-
466 659 557 712 inimo
572 667 668 729 poscet
674 678 685 722 ,-
703 660 786 710 lluet.
806 666 835 712 et
851 659 928 712 Brut.
966 660 1131 726 Utrumque
1151 657 1222 711 bene
1242 657 1359 709 (licitur.

295 734 332 787 8..
360 730 450 804 Neque
467 735 542 784 enim
557 737 710 801 sapientem
735 731 935 801 informamus,
964 728 1187 801 philosophum,
1205 731 1256 793 ·(v.
1277 729 1313 782 ad
1330 729 1402 801 Agr.

226 823 254 860 n.
273 804 314 871 3.)
340 804 393 872 qui
411 811 584 877 arroganter
601 804 725 875 despicit
743 799 967 878 grammatica,
996 803 1126 856 musicen
1149 809 1177 855 et
1201 801 1328 871 reliquas
1349 817 1413 853 omn

155 874 157 885 '
226 875 397 946 disciplinas
415 892 553 944 suamque
571 877 646 929 colit
664 885 697 928 ut
714 893 855 928 summam
876 884 904 930 et
923 875 1066 942 divinam,
1086 893 1170 945 neque
1188 891 1212 927 e.
1226 889 1254 949 g.
1292 875 1413 926 Stoicam

226 954 364 1005 deitatem
382 949 432 1002 rel
449 949 594 1002 coloniam
613 949 790 1002 constituere
808 949 955 1014 volumus,
984 948 1050 1017 qui,
1079 965 1127 1000 sus
1147 947 1287 1018 sapientia
1305 954 1413 1000 conten

226 1023 384 1097 neglig-unt
402 1029 565 1074 ceterarum
584 1021 807 1092 disciplinarum
832 1021 970 1074 ambitum
990 1027 1018 1073 et
1037 1019 1219 1089 eloquentiae
1237 1019 1333 1072 minus
1353 1020 1413 1072 indr

248 1103 313 1160 ent5
335 1093 440 1148 Sclsulz.
458 1093 528 1146 coll.
549 1093 610 1148 Cio.
631 1094 718 1146 Brut·
730 1097 775 1149 31.
796 1100 825 1148 et
844 1093 964 1160 Quintil.
985 1097 1039 1158 10,
1061 1097 1095 1156 1,
1114 1095 1158 1147 st.
1196 1092 1413 1166 „leegendumr

226 1115 313 1222 letter
331 1185 414 1238 neque
432 1171 504 1220 enim
522 1169 675 1236 sapientem
694 1165 879 1236 informamus
897 1167 1065 1225 Stoicorum,
1099 1183 1181 1236 neque
1200 1165 1326 1218 Platonis
1349 1168 1413 1217 ciuit

227 1251 292 1295 tem.
330 1239 525 1293 Continuatur
542 1239 669 1292 imitatio
688 1237 749 1292 Gic.
770 1238 806 1291 de
825 1255 867 1292 or.
889 1243 913 1292 1.
932 1237 963 1307 §.
982 1239 1064 1294 ew
1086 1237 1169 1291 Orell.
1189 1265 1225 1277 -
1242 1237 1290 1291 aed
1305 1255 1382 1298 eum,
1400 1256 1413 1308 q

227 1333 283 1368 non
302 1315 436 1384 quasdam
455 1319 527 1364 artes
544 1311 671 1372 haurire,
703 1313 752 1364 sed
768 1329 859 1365 omnes
878 1313 1031 1364 liberaliter
1048 1310 1137 1374 debet,
1168 1307 1197 1362 1ι.
1218 1327 1242 1362 e.
1268 1327 1328 1362 non
1349 1327 1413 1363 exat

228 1395 257 1440 et
276 1386 412 1451 omnino,
444 1383 494 1436 sed
517 1384 723 1450 mediocriter,
748 1391 780 1434 ut
804 1401 841 1437 ne
859 1383 939 1437 rudia
958 1383 1012 1448 sit3
1031 1384 1103 1436 Erre.
1138 1381 1317 1442 Liberaliter,
1351 1391 1413 1434 uta

227 1458 347 1526 Quintil.
368 1461 394 1518 1,
411 1459 440 1518 2,
457 1459 483 1511 2.
503 1457 648 1510 liberalius
667 1465 793 1527 tempora
811 1457 1036 1525 sua-impendere
1053 1460 1117 1516 uni,
1136 1455 1155 1507 i.
1170 1472 1194 1508 e.
1214 1455 1342 1529 largiori
1361 1471 1413 1524 ope

228 1539 258 1584 et
284 1529 394 1596 studio,
425 1537 460 1580 ut
486 1530 549 1582 scil.
579 1544 639 1583 nou
664 1530 760 1583 veloci
789 1529 861 1598 pede
885 1535 1084 1594 transcurrat,
1118 1527 1168 1581 sed
1193 1527 1368 1582 immoretur
1393 1529 1413 1578 ii

229 1602 333 1656 Subulo.
371 1604 421 1672 qui
438 1603 570 1672 quaedum
588 1610 663 1656 artes
681 1603 795 1663 audire,
822 1619 914 1655 omnes
931 1605 949 1654 l.
970 1601 994 1652 d.
1015 1600 1059 1653 ed.
1078 1617 1124 1670 pr.
1162 1603 1212 1670 qui
1236 1619 1290 1654 non
1315 1603 1413 1672 quaeda

227 1684 301 1730 artes
319 1675 431 1734 audire,
461 1693 553 1729 omnes
577 1675 642 1728 edd.
670 1677 731 1728 Put.
757 1674 820 1726 Riv.
844 1674 909 1728 Ber.
934 1671 1025 1726 llhen.
1044 1672 1114 1758 Ala..
1129 1672 1207 1742 lips.
1245 1682 1321 1727 artes
1340 1674 1413 1726 tam

227 1765 380 1882 13ϊῖ3.
394 1747 497 1873 litt·
506 1746 638 1874 rillio?
641 1748 673 1873 bt.
693 1745 1413 1890 {tllttfzititdplttt’att'litut:

228 1896 296 1964 (pro
314 1893 362 1947 sed
377 1911 487 1952 omnes,
507 1893 542 1946 de
561 1909 618 1961 quo
636 1910 664 1946 v.
684 1891 720 1944 ad
737 1892 815 1945 Anu.
834 1895 868 1957 3,
889 1893 947 1956 to.)
972 1891 1124 1945 liberaliter
1141 1889 1167 1942 d.
1186 1892 1312 1945 malebat
1331 1892 1374 1945 Os.
1401 1913 1413 1944 a

226 1975 267 2019 tes
285 1967 371 2026 adire,
388 1966 437 2019 sed
451 1984 542 2018 ornnes
560 1967 713 2019 liberuliter
730 1965 826 2017 audire
840 1961 981 2016 Sohund.
1018 1973 1093 2018 artes
1107 1963 1211 2024 erudire,
1228 1965 1276 2018 sed
1287 1983 1340 2034 per
1357 1983 1413 2019 omn

227 2039 352 2092 liberales
370 2043 410 2090 irs
427 2039 501 2091 debet
519 2042 564 2104 (ut
583 2055 606 2090 c.
618 2043 664 2094 30.
688 2055 742 2106 per
758 2054 851 2089 omnes
868 2039 1035 2108 eloquentiae
1053 2039 1183 2090 numeros'
1196 2039 1262 2101 isse)
1280 2036 1413 2090 Schultin

227 2119 301 2165 artes
319 2112 425 2170 libare,
451 2112 500 2163 sed
514 2129 606 2164 omues
623 2110 734 2162 haurire
752 2111 906 2162 liberaliter
923 2109 997 2160 debet
1014 2106 1097 2162 aoid.
1134 2128 1190 2163 non
1216 2111 1350 2182 quasdam
1373 2119 1413 2162 art

228 2183 355 2244 naurire,
384 2184 431 2237 sed
453 2201 545 2236 omnes
569 2184 655 2236 libare
679 2184 754 2234 debet
771 2180 870 2236 Weik.
891 2181 961 2234 coll.
982 2180 1042 2234 cto.
1062 2181 1098 2234 de
1116 2197 1158 2234 or.
1180 2186 1214 2248 1,
1233 2185 1277 2238 50.
1302 2185 1357 2246 (eat
1381 2185 1413 2238 bu

227 2259 363 2316 oratoria,
381 2247 636 2320 multa-libasse)
657 2264 686 2309 et
709 2255 744 2308 de
770 2254 828 2307 inv.
848 2255 881 2318 2,
900 2256 926 2309 2.
955 2251 999 2321 (er
1020 2258 1108 2307 uariis
1136 2257 1258 2324 ingeniis
1283 2258 1413 2310 excellunt

227 2333 302 2384 sima
325 2329 484 2392 ltbmtmus)
531 2327 594 2380 Hoc
618 2327 722 2382 ceteris
745 2326 977 2396 praeferendum.
1014 2327 1085 2393 „sic
1107 2325 1217 2380 haurire
1240 2345 1264 2382 c.
1281 2331 1328 2384 23.
1348 2334 1389 2384 30.
1412 2357 1413 2365 ¹

228 2405 313 2456 libare
331 2401 485 2471 aliquoties
511 2417 554 2470 ap.
580 2399 641 2454 cte.
661 2416 716 2470 pro
735 2398 867 2459 delibare,
894 2399 1045 2468 degustare.
1082 2398 1169 2454 Recte
1195 2407 1291 2454 autem
1317 2402 1371 2454 sibi
1392 2419 1412 2472 o]

226 2482 376 2546 ponuntur
393 2473 482 2527 verba
499 2473 611 2526 haurire
630 2481 660 2527 et
676 2471 790 2526 libare?
812 2472 883 2525 Orel.
920 2471 964 2524 Cf.
989 2472 1025 2524 ad
1051 2470 1119 2548 Agr.
1139 2475 1166 2527 1.
1186 2490 1215 2525 ιι.
1235 2477 1260 2529 6.
1297 2473 1355 2528 Sed
1375 2491 1412 2527 re}

227 2547 317 2602 lectio
337 2546 546 2600 videturesse:
575 2565 631 2600 non
655 2546 787 2617 quaedum
810 2553 883 2600 aries
910 2543 1037 2609 buerius,
1067 2546 1115 2598 sed
1137 2563 1229 2600 omnes
1254 2547 1341 2600 ubere
1362 2551 1412 2600 obit

224 2621 310 2674 debet.

297 2696 323 2748 9.
362 2691 489 2762 Ideoque:
518 2689 550 2742 in
568 2690 611 2744 ed.
631 2691 693 2743 Put.
714 2697 741 2742 et
760 2689 825 2744 niv.
844 2691 950 2760 deoque.
969 2715 1016 2744 -,
1033 2693 1104 2744 iuris
1121 2693 1211 2746 statio
1228 2695 1385 2746 seientiam.
1410 2709 1412 2722 ¹

226 2765 262 2818 ad
280 2782 341 2834 cap.
361 2767 406 2820 30.
420 2783 456 2816 n.
476 2764 501 2817 2.
521 2789 556 2802 -
574 2763 850 2832 comprehendebant,
868 2761 1088 2835 intelligebant,
1107 2771 1140 2815 ut
1158 2781 1202 2834 sp.
1223 2764 1283 2818 cic.
1302 2765 1338 2818 de
1356 2781 1394 2818 or.

228 2841 270 2892 18.
291 2845 319 2890 et
336 2837 380 2894 23.
417 2838 535 2888 Praeter
553 2835 624 2887 alias
642 2835 774 2888 scientias
793 2835 972 2899 tractabant3
990 2834 1057 2887 Ern.
1076 2864 1112 2876 -
1129 2843 1324 2906 grammatica,
1341 2841 1412 2890 musi«

226 2918 253 2962 et
269 2911 422 2979 geometria
441 2907 628 2961 imbuebantur
654 2907 745 2960 Rhen.
766 2910 791 2961 2.
811 2912 837 2964 3.
857 2907 921 2959 Α1ι1.
943 2913 971 2960 et
989 2923 1046 2960 reo.
1082 2915 1298 2978 grammaticae,
1327 2916 1411 2962 musio

226 2987 254 3034 et
270 2985 449 3052 geometricae
469 2983 489 3032 i.
519 2979 562 3034 etl.
582 2997 627 3050 pr.
647 2981 708 3032 Put.
728 2980 792 3033 Ber.
812 2977 902 3034 Rhen·
924 2985 948 3035 1.
986 2979 1027 3032 De
1045 2997 1076 3034 re
1095 2981 1157 3051 ipsa
1175 3000 1203 3034 r.
1224 2981 1259 3034 ad
1277 2999 1301 3034 c.
1323 2985 1348 3037 2.
1368 3001 1411 3034 ιι..

227 3061 256 3106 et
274 3053 311 3104 ad
329 3069 353 3104 c.
372 3056 417 3107 30.
436 3070 464 3103 n
486 3053 513 3106 2.
532 3081 569 3102 -ι-
603 3053 734 3106 Incidunt
760 3069 857 3106 causae
878 3055 1030 3122 plurimae,
1063 3053 1099 3105 cf.
1126 3053 1163 3106 ad
1187 3055 1221 3106 H.
1240 3060 1274 3118 3,
1294 3058 1345 3120 51,
1363 3057 1411 3108 2-

226 3128 297 3178 iuris
316 3123 423 3176 civilis.
459 3128 530 3178 oiris
549 3123 593 3178 ed.
612 3143 656 3194 pr.
678 3153 710 3166 -
737 3127 880 3196 pleraeque
898 3123 987 3177 Rhen.
1006 3128 1030 3181 2.
1051 3127 1076 3179 3.
1096 3125 1162 3178 Ald.
1182 3134 1211 3180 et
1229 3144 1288 3180 reo.
1325 3131 1411 3198 pleriqr

227 3196 271 3249 ed.
292 3213 337 3265 pr.
365 3197 503 3266 plurimue
521 3197 583 3249 rut.
603 3197 668 3250 Ber.
689 3195 779 3250 Rhen.
800 3202 825 3251 1.
856 3201 997 3268 pluresque
1013 3197 1087 3250 coni.
1107 3196 1248 3252 Schureil.
1287 3199 1343 3256 Sed
1360 3217 1411 3250 us

226 3267 300 3320 Anu.
320 3271 354 3332 3,
373 3270 417 3324 23.
440 3296 471 3308 -
506 3268 572 3322 baec
587 3287 692 3394 quoque
710 3273 829 3322 scientia
849 3271 901 3335 (sc.
923 3270 1143 3342 grammaticae,
1175 3273 1301 3325 musicae
1327 3280 1355 3326 et
1371 3287 1411 3345 got

227 3339 361 3402 metriae)
390 3343 545 3412 requiritur
570 3359 585 3396 e
640 3359 685 3412 pr.
713 3343 772 3394 Put
797 3341 860 3395 niv.
889 3342 951 3394 Ber.
976 3339 1068 3394 Rhen.
1089 3348 1114 3396 1.
1142 3341 1222 3397 Seeb.
1247 3345 1298 3397 Dr.
1327 3345 1367 3398 Os.
1390 3343 1411 3396 0:

226 3411 275 3465 has
293 3430 393 3482 quoque
411 3416 543 3466 scientiae
560 3421 741 3487 requiruntur
757 3412 848 3466 Rhen.
868 3415 894 3468 2.
913 3417 937 3469 3.
956 3411 1021 3464 Ald.
1047 3421 1075 3466 et
1093 3415 1148 3468 rel.
1186 3415 1368 3492 „Singularis
1386 3433 1411 3468 ιιι

225 3502 322 3538 merus
341 3483 451 3554 optime
469 3485 567 3552 locum
590 3505 674 3540 suum
696 3487 746 3540 hic
768 3493 882 3539 tuetur:
914 3501 978 3537 nam
1002 3486 1212 3556 complectitur
1234 3503 1334 3542 omnes
1356 3488 1410 3540 sinu

225 3565 322 3626 partes
341 3559 388 3624 τῆς
405 3560 546 3627 ἐγκυκλίου
564 3559 689 3622 παιδείας
706 3559 768 3611 sire
786 3557 901 3630 eperic-
937 3557 1072 3610 Scientiae
1091 3567 1187 3612 autem
1205 3577 1283 3614 num.
1303 3563 1376 3630 plur.
1394 3562 1410 3610 ir

225 3629 308 3684 limae
320 3628 564 3683 estheunitatiess’
582 3631 653 3683 Orel.
673 3628 771 3683 horum
788 3649 891 3704 quoque
907 3633 1022 3685 scientia
1040 3637 1193 3702 requiritur
1210 3634 1285 3687 coni.
1299 3633 1410 3687 Schurai

663 3809 855 3868 CAPUT
891 3813 1002 3868 XXXII.

305 3914 573 4000 Nec'quiequam
595 3921 811 4003 respondeat,
833 3927 999 4003 sufficere,
1031 3933 1070 3986 ut
1089 3923 1133 3988 ad
1152 3935 1284 4012 tempus
1305 3929 1410 4010 simple

222 3996 378 4080 quiddam
406 4009 438 4062 et
467 4003 633 4065 uniforme
661 4001 855 4070 doceamur.'
899 4009 1046 4070 Primum
1078 4012 1166 4070 enim
1191 4013 1289 4074 aliter
1314 4014 1410 4072 utinm

222 4083 389 4180 propriis,
412 4085 509 4146 aliter
530 4085 763 4167 commodatis3
792 4092 952 4175 longeque
968 4093 1129 4154 interesse
1150 4097 1356 4158 manifestum
1376 4113 1405 4154 es

220 4163 386 4248 possrdeat
407 4169 500 4250 quie,
532 4189 617 4252 quae
640 4177 788 4254 profert,
818 4195 860 4236 an
882 4185 1062 4238 mutuetur.
1106 4175 1236 4241 Deinde
1265 4181 1337 4262 ipsa
1356 4177 1409 4236 mu]

221 4257 332 4310 tarum
352 4253 476 4312 artium
498 4254 635 4316 scientia
657 4258 756 4318 etiam
779 4257 870 4320 aliud
889 4271 1021 4346 agentes
1042 4277 1103 4320 nos
1123 4270 1224 4322 ornat
1243 4271 1358 4345 atque,
1379 4259 1409 4320 ul

221 4333 355 4394 minime
375 4333 510 4415 credas,
540 4340 664 4400 eminet
695 4347 728 4402 et
757 4342 904 4420 excellit,
944 4341 1044 4426 idque
1066 4361 1132 4406 uon
1154 4340 1269 4408 doctus
1290 4342 1409 4406 modo<

1357 4457 1409 4522 pru
