2770 4792
490 183 632 249 CAPUT
653 185 695 248 11.
1143 200 1206 262 211

34 348 53 399 1.
65 343 97 395 12
113 341 149 395 Gt
166 342 200 396 sd
215 341 288 400 dnn.
306 350 340 415 4,
360 352 387 404 7.
406 375 442 388 -
465 351 528 404 sine
545 355 633 416 (non,
653 351 835 420 neutiquam)
853 359 954 425 gretia
972 366 1024 410 not
1041 360 1202 424 ambitione,

33 413 126 466 66111.
144 419 173 478 1,
191 421 220 484 1,
239 421 264 474 5.
283 447 320 460 -
348 421 432 474 donce
456 427 655 485 concientiae,
681 442 697 478 e
721 424 844 480 moritus
869 427 941 484 bene
966 431 1086 484 moretis
1104 437 1202 502 proie-

32 495 81 548 66,
95 488 197 541 limate.
213 519 250 532 -
265 498 374 560 pretio,
391 494 533 564 praemio.
554 513 582 548 v.
602 495 638 549 sd
655 495 730 550 Anu.
750 499 784 563 2,
803 502 837 561 9,
856 503 883 556 2.

171 565 308 635 plerique,
333 583 359 620 v.
379 565 416 620 sd
435 565 562 632 dnn-3,
582 571 626 624 28.
648 596 680 608 -
700 569 835 638 fiduciam
852 577 946 640 potius
963 591 1089 636 morton,
1116 596 1201 648 qnam

43 702 47 712 Ι
93 705 98 716 Ι
276 673 285 698 ,
313 657 341 692 v.
361 637 397 692 sd
414 637 488 692 Anu.
508 644 541 705 1,
560 643 613 706 58,
634 646 659 698 1.
687 642 827 711 fiduciam
844 663 966 709 morum,
996 649 1200 706 conscientiam

115 723 122 768 ς
217 737 252 751 -
280 712 517 774 arbitratione,
549 713 658 784 quippe
677 731 712 768 ex
730 715 800 786 ipsis
817 717 904 772 iccile
923 721 1053 774 moribus
1072 724 1201 792 turpiter

31 773 186 850 clementi,
214 783 238 834 si
261 784 335 838 false
361 783 397 838 de
420 801 450 837 se
478 785 675 854 praedicaturi
703 795 814 854 essenis
846 790 945 862 linget
963 821 1001 832 -
1036 793 1146 848 Rutilio
1173 805 1200 850 et

31 846 108 911 burc,
122 870 146 904 v.
163 862 227 907 nota
245 860 270 909 1.
301 857 383 910 etad
402 856 474 910 Anu.
495 861 528 925 3,
546 861 591 915 66.
610 885 647 900 -·
678 861 777 913 aecii
791 865 865 915 citra
878 863 964 932 fldem
983 864 1022 933 (v.
1042 867 1078 918 ed
1097 866 1132 920 G.
1154 873 1198 926 16.

31 923 84 1000 ui)
98 932 140 975 ont
154 925 347 982 donationi
357 928 439 998 snit,
458 946 517 983 non
535 931 648 998 effecit,
667 931 755 986 otiis
773 931 852 988 haut
869 933 1026 992 baberetur
1044 937 1130 1002 tides,
1150 949 1201 994 eut

31 1009 64 1074 ops
78 995 292 1054 obtrectarentur.
318 1001 361 1055 Oi.
381 1001 417 1055 sd
434 1001 509 1056 Anu.
530 1009 561 1069 1,
581 1008 613 1070 7,
633 1008 658 1059 8.
697 1004 802 1060 Gicsrc
821 1006 852 1060 in
871 1012 959 1078 ep.5‚
980 1013 1022 1066 12.
1043 1009 1073 1063 id
1091 1014 1200 1068 iactum

31 1064 107 1128 eudem
123 1069 189 1122 dicit
205 1089 221 1125 e
237 1073 340 1127 multis
359 1075 503 1144 olerisque
521 1076 603 1140 viris,
623 1074 673 1130 sed
690 1075 763 1130 baec
781 1095 841 1134 esse
859 1080 890 1132 in
908 1080 966 1134 boc
1006 1099 1094 1138 enere
1113 1085 1199 1138 vitia:

31 1142 149 1195 contu
166 1147 220 1212 ipsi
237 1147 269 1198 de
286 1165 342 1200 sese
359 1149 485 1201 scribant
503 1167 605 1204 necesse
624 1158 679 1208 «st,
697 1155 724 1203 si
741 1152 865 1221 quidest
881 1155 982 1208 laudan
1021 1163 1201 1227 66611666-

29 1217 103 1272 tems,
116 1221 140 1267 si
150 1219 215 1286 quid
223 1219 468 1288 reprehendendum
483 1229 531 1276 est.
561 1223 674 1276 Accedit
688 1227 781 1284 etiam,
801 1233 833 1276 ut
846 1228 941 1280 minor
957 1231 999 1282 sit
1010 1229 1090 1298 fides,
1107 1235 1201 1284 minor

29 1289 149 1352 nostine
163 1293 247 1342 multi
264 1293 378 1364 deniqne
395 1293 597 1363 reprehendant
614 1303 642 1348 et
659 1297 770 1357 deant,
798 1299 1001 1354 verecundiores
1020 1319 1075 1355 esse
1089 1321 1201 1372 praecc-

28 1373 55 1405 ’Β
66 1359 166 1414 blm
179 1367 384 1436 gymnicorum,
410 1371 471 1436 qui,
495 1385 580 1437 quum
598 1373 695 1422 ceteris
714 1386 829 1424 coronas
849 1374 1034 1441 imposuerint
1051 1378 1200 1430 victoribus

27 1445 372 1572 mmo?
388 1449 717 1582 ”ttttmllttlt'o
748 1447 1201 1590 ‘fitil‘lliztltlttt

27 1577 100 1630 ioue
114 1599 162 1634 esse
175 1583 342 1651 praedicent.
362 1613 398 1624 -
422 1587 519 1656 quitus
531 1584 677 1656 facillime
694 1591 855 1658 gignuntur
873 1596 902 1642 et
919 1587 990 1644 binc
1009 1593 1179 1660 plurimum.

451 1767 648 1824 CAPUT
684 1769 721 1823 ll.

76 1871 110 1935 n
132 1879 228 1957 mihi,
257 1895 348 1939 nunc
380 1887 560 1941 narraturo
591 1882 696 1944 vitem
711 1877 872 1942 defuncti
905 1881 1065 1960 hominis,
1103 1885 1202 1946 venia

23 1967 76 2032 opus
91 1961 156 2022 tuit:
188 1981 289 2044 quam
318 1979 385 2022 non
414 1965 591 2046 petissem,
614 1966 650 2024 ni
671 1971 867 2026 cursaturus
889 1973 956 2026 tem
978 1985 1075 2028 saeve
1096 1973 1130 2026 et
1150 1969 1201 2027 ins

23 2035 257 2108 invirtutibus
279 2053 441 2128 tempora.
466 2045 652 2133 degimus,
675 2067 778 2129 quum
795 2047 944 2110 Aruleno
966 2047 1100 2110 Rustico
1123 2047 1202 2112 Pse-

22 2125 54 2178 lu
74 2121 221 2208 Thrasea,
252 2127 425 2191 Herennio
454 2125 630 2193 Senecioni
651 2129 784 2191 Priscus
806 2129 984 2194 Helvidius
1006 2131 1130 2193 laudati
1152 2152 1202 2194 es-

22 2213 79 2282 ent,
95 2213 223 2293 capitale
244 2213 368 2293 fuisse,
400 2233 507 2296 neque
537 2216 573 2276 in
605 2215 695 2296 ipsos
716 2211 812 2276 modo
834 2223 1006 2294 auctores,
1028 2213 1142 2276 sedin
1163 2217 1203 2278 li-

20 2281 68 2347 bros
85 2311 204 2377 quoque
223 2315 341 2358 corum
364 2299 544 2376 saevitum,
567 2295 713 2384 delegato
735 2299 923 2361 triumviris
944 2300 1141 2377 ministerio,
1164 2307 1203 2362 ut

20 2387 186 2442 nocumenta
216 2381 476 2441 clarissimorum
504 2382 716 2465 ingeniorum
742 2381 777 2442 iu
809 2383 941 2444 comitio
969 2401 1008 2442 ac
1028 2385 1102 2444 toro
1124 2402 1202 2444 urc-

19 2463 106 2519 rums,
142 2459 276 2525 Scilicet
296 2463 353 2523 illo
375 2465 452 2549 igne
472 2483 585 2526 vocem
596 2462 713 2546 Populi
723 2461 861 2524 Romani
883 2474 917 2526 et
938 2465 1125 2526 libertatem
1142 2462 1202 2527 Se-

18 2545 81 2601 natus
98 2553 125 2606 et
144 2547 377 2608 conscientiam
398 2548 529 2632 generis
551 2547 687 2607 humani
708 2547 834 2608 aboleri
855 2547 1123 2626 arbitrabantur,
1147 2567 1202 2609 ex·

19 2622 87 2696 pulsi,
104 2631 237 2713 insuper
258 2631 439 2713 sapientiae
460 2630 704 2714 professoribus
726 2636 825 2712 atque
845 2631 936 2690 omni
964 2629 1051 2690 bona
1072 2640 1145 2691 arte
1165 2633 1201 2691 in

17 2707 126 2772 exsilium
144 2722 234 2794 acta,
257 2733 299 2774 ne
321 2711 402 2796 quid
422 2733 563 2797 usquam
585 2713 762 2774 honestum
789 2721 995 2776 occurreret.
1039 2711 1201 2774 Dedimus

17 2793 123 2864 potato
183 2795 268 2858 ande
288 2798 468 2879 patientiae
488 2795 740 2874 documentum
763 2803 796 2858 et
816 2795 903 2858 sicut
922 2804 1018 2860 vetus
1040 2803 1128 2858 setas
1150 2799 1202 2860 vi·
1256 2801 1259 2810 '

16 2865 61 2951 lit,
119 2881 125 2895 ’
169 2882 385 2944 ultimumin
407 2882 560 2944 libertate
581 2889 686 2950 esset,
718 2881 766 2940 ite
790 2897 871 2957 nos,
894 2877 977 2962 quid
998 2881 1035 2942 iu
1056 2881 1201 2942 servitu·

16 2959 47 3032 tt,
63 2977 78 3018 a
97 2972 199 3046 empto
221 2984 284 3046 per
303 2965 535 3046 inquisitiones
557 2971 590 3024 et
616 2960 773 3046 loquendi
795 2960 1018 3044 audiendique
1040 2983 1201 3026 commer-

16 3039 54 3098 tio·
85 3041 276 3108 Memoriam
297 3065 430 3129 qnoque
450 3049 557 3128 ipsam
578 3065 655 3108 cum
676 3065 759 3108 voce
779 3043 1059 3130 perdidissemus,
1077 3048 1112 3108 si
1133 3055 1201 3107 tem

15 3121 145 3191 innostra
164 3137 326 3215 potestate
346 3138 432 3192 esset
453 3129 605 3193 oblivisci
628 3149 727 3212 quam
747 3137 867 3191 tacere.

60 3246 80 3294 l·
111 3247 149 3298 At
170 3247 245 3302 milii
270 3265 343 3302 moso
368 3254 519 3300 amem
544 3249 633 3300 citam
655 3244 783 3314 defuncti
807 3244 928 3300 bominis
955 3235 1121 3316 venta'opue
1132 3245 1221 3314 suit'

14 3319 46 3362 tet
61 3333 83 3368 v.
100 3318 135 3372 sd
151 3337 210 3390 cup.
231 3325 256 3376 1.
277 3337 307 3372 6.
326 3323 352 3374 1.
372 3327 401 3372 et
420 3335 481 3389 cap.
500 3324 526 3376 3.
546 3337 574 3372 n.
595 3323 620 3376 6.
640 3337 708 3370 nem
726 3317 802 3383 alic,
821 3318 872 3372 sed
888 3318 983 3372 minus
1002 3327 1084 3390 apto,
1116 3335 1199 3372 sensu

14 3375 59 3436 isse
72 3391 169 3458 verbs,
203 3409 239 3446 ex
267 3391 371 3460 quibus
390 3391 516 3446 maxime
534 3392 643 3462 pendet
661 3397 867 3464 argumentum
885 3391 1031 3461 prooemii
1051 3398 1080 3443 et
1099 3396 1198 3442 aucto·

13 3453 38 3504 rs
51 3463 204 3528 consilium,
240 3473 414 3536 accepenmt
432 3464 609 3534 interpretes
629 3481 719 3534 paene
738 3479 845 3516 omnes.
891 3461 1015 3528 „Totius
1039 3459 1198 3516 sententiae

13 3525 39 3578 ‘5⁵
51 3531 75 3584 io
90 3537 227 3604 particula
246 3555 320 3590 nunc
338 3555 397 3592 esse
416 3537 533 3590 videtur
551 3553 700 3590 accensus
719 3541 777 3589 est:
812 3531 888 3586 mihi
907 3533 982 3587 vitio
1000 3551 1037 3586 ne
1056 3539 1197 3600 vertetur,

13 3603 65 3662 lttd
136 3609 223 3664 'colse
241 3609 335 3664 vitem
354 3625 413 3662 nou
432 3607 582 3679 composui
601 3609 698 3662 statim
717 3615 803 3676 atque
823 3607 848 3660 is
867 3605 1006 3659 decessit:
1035 3611 1098 3658 tum
1117 3605 1199 3660 enim

11 3667 95 3732 lenm
129 3681 265 3736 simmiti
284 3683 338 3736 illo
357 3681 519 3734 Domitiani
538 3682 673 3757 ingenio,
710 3695 767 3748 quo
784 3676 962 3749 pessumdati
980 3685 1046 3730 sunt
1065 3677 1199 3732 Rusticus

12 3745 168 3807 bisaccio?
190 3755 319 3814 Dmnke,
341 3761 375 3806 nt
392 3755 454 3807 lere
474 3753 648 3819 Salinerius,
678 3751 820 3818 Savilius,
850 3751 883 3804 V.
902 3749 937 3802 D.
958 3749 989 3802 in
1006 3749 1130 3822 Ephem.
1152 3750 1197 3804 lit.

12 3811 55 3870 1111
70 3840 92 3875 a.
110 3829 181 3884 1822.
201 3825 246 3881 se.
266 3829 330 3883 232.
359 3825 482 3894 aliique,
522 3826 573 3896 qui
600 3843 674 3880 nunc
692 3841 746 3894 pro
765 3841 839 3878 nunc
856 3821 963 3874 demum
982 3823 1128 3893 accipiunt
1145 3839 1199 3892 pu·

9 3893 115 3960 11111666,
142 3917 157 3952 s
179 3899 282 3954 Tscito
299 3897 387 3952 niunis
406 3899 528 3952 dilutum
547 3897 693 3954 scribendi
713 3896 867 3950 consilium
886 3895 1058 3964 veniamque
1077 3895 1198 3965 petitam

10 3973 50 4014 *se
76 3969 225 4026 amicorum
260 3971 451 4039 civiumque,
486 3971 538 4040 qui
565 3972 656 4024 vitem
686 3969 762 4022 hanc
791 3967 953 4022 identidem
980 3967 1196 4042 efflagitassent.

9 4027 59 4086 ΒΜ
76 4044 214 4098 versiam
239 4043 431 4113 quadriennio
455 4052 520 4113 post
546 4051 670 4098 sncrtem
696 4040 851 4116 Agricolae
880 4039 1028 4114 vulgatam
1052 4038 1146 4092 videri
1170 4045 1199 4090 et

9 4119 60 4156 Ν(
74 4111 104 4163 in
120 4115 166 4170 tali
183 4116 341 4172 verborum
361 4124 497 4170 contextu
520 4116 689 4185 neutiquam
718 4129 773 4184 pro
801 4129 876 4166 nunc
893 4113 999 4168 dmum
1019 4109 1077 4164 dici
1104 4125 1197 4193 posse,

9 4189 84 4254 uoces
100 4184 264 4243 11161616-
301 4188 374 4254 „Uti
387 4196 449 4242 tom
468 4205 572 4258 parum
591 4185 730 4241 curabunt
749 4185 890 4239 virtutem
910 4183 1041 4241 defuncti
1059 4180 1197 4246 hominis,

9 4253 35 4300 “²
48 4269 80 4306 Μ
97 4261 225 4316 credibile
243 4260 364 4331 quidem
383 4261 519 4331 plurimis
538 4261 705 4324 videbatur,
724 4257 851 4327 potuisse
869 4256 1020 4312 hominem
1039 4252 1199 4338 virtutibus

9 4325 123 4384 naum
138 4333 211 4390 inter
229 4343 291 4388 hm
309 4350 393 4388 saeva
411 4340 441 4388 et
459 4335 562 4388 infesta
576 4331 734 4386 virtutibus
749 4337 889 4400 tempora.
928 4329 1005 4382 Hinc
1018 4327 1118 4382 Tacito
1138 4343 1199 4376 mr-

817 4405 894 4473 14*
