2756 4792
602 237 854 304 semaeias
876 237 996 300 vrrs.

613 405 636 458 G
655 404 680 458 Α
699 347 764 460 P‘U
783 403 808 458 T
845 403 971 458 mlv.

261 533 297 594 Si
319 553 422 594 reovae
441 545 554 612 gentes
576 546 674 612 atque
696 535 810 614 ignota
831 533 917 594 acies
929 533 1132 603 constitisset,
1156 533 1288 592 aliorum
1305 551 1368 590 eser-

180 617 306 678 cituum
336 617 492 694 exemplis
521 636 578 678 uos
607 619 769 680 hortarer.
816 619 917 678 Nunc
945 628 1056 676 vestra
1085 617 1204 676 deeora
1238 629 1368 684 receuete,

141 733 144 750 ·
179 712 304 760 vestros
331 701 439 760 oculos
468 701 681 779 interrogate.
734 701 766 760 Ii
786 713 881 771 sunt,
910 719 990 780 quos
1012 701 1160 778 proximo
1192 719 1275 758 anno
1298 719 1369 758 unan

180 785 339 864 legionem
349 782 452 867 furto
480 784 583 844 noctis
614 803 785 864 aggressos
813 786 955 844 clamore
984 783 1189 844 debellastis:
1232 785 1256 842 ii
1281 796 1369 841 cetero-

181 887 256 926 rum
269 867 506 927 Britannorum
515 866 732 952 fugacissimi
754 869 890 944 ideoque
912 879 980 927 tam
1001 867 1059 926 diu
1080 869 1275 944 superstites.
1312 865 1370 941 Quo-

180 951 273 1012 modo
297 952 397 1012 silvas
418 951 586 1032 saltusque
606 949 855 1030 penetrantibus
865 951 1094 1035 fortissimum
1116 951 1261 1029 quodque
1280 949 1370 1010 animal

180 1035 312 1106 robore,
333 1035 455 1112 pauida
475 1047 507 1094 et
528 1035 650 1095 inertia
672 1037 739 1113 ipso
761 1037 903 1114 agminis
924 1055 1003 1096 sono
1022 1035 1214 1113 pelluntur,·
1243 1035 1285 1094 sic
1309 1051 1370 1092 acer·

179 1120 258 1178 rimi
279 1119 525 1179 Britannorum.
538 1120 605 1178 iam
622 1120 751 1197 pridem
767 1120 965 1180 ceciderunt.
1002 1118 1160 1194 Reliquus
1181 1129 1229 1178 est
1250 1133 1370 1176 numerus

179 1203 375 1282 ignavorum
406 1213 438 1260 et
467 1207 704 1262 metuentium:
743 1222 822 1278 quos
849 1203 936 1280 quod
969 1203 1100 1260 tandem
1123 1201 1301 1270 invenistis,
1330 1215 1370 1255 nos

180 1286 390 1356 restiterunt,
418 1285 475 1344 sed
502 1286 696 1364 deprehensi
722 1298 801 1346 sunt
830 1285 1007 1346 novissimi.
1049 1283 1127 1344 Ideo
1154 1297 1294 1343 extremo
1314 1293 1370 1340 neu

179 1387 316 1445 corpora
343 1367 487 1450 defixere
509 1369 544 1427 in
566 1369 616 1430 bis
637 1369 803 1447 uestigiis,
835 1370 870 1428 in
898 1369 1016 1448 quibus
1037 1369 1209 1446 pulchram
1232 1381 1263 1427 et
1282 1375 1370 1444 specta

179 1453 276 1511 bilem
296 1451 468 1510 uictoriam
490 1452 638 1514 ederetis.
689 1453 879 1530 Transigite
907 1469 981 1512 cum
1003 1451 1278 1525 expeditionibus:
1305 1449 1370 1520 inps

179 1535 248 1594 nite
268 1535 510 1614 quinquaginta
531 1537 627 1595 annis
656 1552 815 1612 magnum
844 1533 947 1592 diem:
975 1532 1155 1609 approbate
1181 1529 1370 1607 reipublicae

177 1637 347 1697 nunquam
377 1616 537 1676 exercitui
567 1617 727 1695 imputari
747 1616 890 1694 potuisse
911 1629 970 1674 aut
993 1633 1101 1674 moras
1122 1613 1218 1692 belli,
1248 1625 1304 1674 aut
1327 1629 1370 1670 eoo

177 1720 232 1762 sas
253 1699 445 1760 rebellandi.

250 1822 275 1872 1.
317 1817 351 1869 Si
365 1835 450 1870 nonae
466 1823 559 1888 gentes
578 1825 657 1887 atque
676 1819 777 1888 ignota
794 1820 865 1870 acies
884 1817 1074 1876 constitisset,
1101 1833 1129 1867 v.
1150 1815 1184 1866 sd
1202 1813 1278 1866 Anu.
1300 1813 1338 1874 12,
1354 1811 1370 1861 l!

180 1921 212 1933 -
239 1889 320 1944 Nunc
345 1897 436 1944 uestra
462 1889 559 1942 decue
583 1899 728 1950 recensete,
762 1907 808 1942 res
827 1907 843 1942 a
861 1889 942 1941 vobis
961 1889 1112 1958 praeclare
1130 1896 1239 1960 gestas,
1274 1881 1370 1938 victoris

180 1963 213 2016 ab
233 1961 335 2016 iisdem
355 1960 484 2015 hostibus
504 1962 563 2014 ism
583 1969 754 2032 reportatas.
794 1961 837 2015 Gi.
858 1961 921 2014 ind.

251 2056 277 2108 2
315 2053 342 2107 li
359 2061 444 2114 sunt,
462 2070 529 2122 quos
546 2057 672 2120 proximo
691 2073 765 2106 anno
786 2081 817 2094 -
838 2053 1010 2115 debellastis,
1039 2053 1075 2104 el.
1097 2068 1158 2122 esp.
1180 2053 1227 2106 te.
1248 2057 1277 2104 et
1294 2048 1326 2101 sd
1344 2063 1370 2112 ca]

178 2129 223 2183 29.
243 2144 270 2178 n.
294 2131 317 2180 1.
338 2154 374 2166 -
384 2123 470 2194 sueto
487 2130 591 2186 namu,
610 2126 686 2178 clam
708 2134 736 2180 et
755 2134 860 2192 noctu,
879 2133 912 2178 ut
930 2143 974 2195 ap.
996 2124 1077 2178 Curt.
1097 2127 1131 2190 4,
1152 2129 1202 2191 13,
1221 2128 1248 2180 9.
1269 2130 1296 2174 et
1305 2119 1370 2188 stato

179 2201 268 2254 noetis
291 2197 372 2273 Virg.
400 2197 468 2252 Aen.
482 2203 521 2264 9,
541 2201 621 2263 397„
641 2199 705 2267 Bip.
744 2197 792 2252 sie
820 2207 849 2252 et
864 2197 980 2268 sartum
1007 2198 1175 2252 insidiarum
1203 2205 1233 2250 et
1256 2196 1313 2248 diei
1338 2191 1370 2242 tls

180 2272 245 2324 civ.
266 2274 299 2336 s,
319 2275 363 2326 31.
384 2274 433 2334 es,
453 2275 497 2326 οι.
529 2269 557 2340 s.
578 2273 658 2330 serre,
684 2269 755 2324 sau.
776 2255 880 2346 stegen.
900 2269 968 2324 hist.
988 2288 1016 2340 p.
1036 2273 1098 2326 oso.
1130 2269 1192 2338 (uss
1210 2287 1239 2322 v.
1261 2267 1370 2322 coeo

180 2343 231 2397 Gr.
251 2343 337 2410 elensi
355 2342 451 2414 μάχης.
488 2343 608 2396 Furtum
627 2343 748 2410 dicitur,
770 2343 912 2414 quiequid
929 2344 1033 2396 furtim
1054 2363 1074 2396 s.
1095 2343 1170 2396 clam
1190 2341 1240 2408 flt,
1262 2350 1291 2394 et
1303 2337 1370 2406 furat

180 2425 213 2468 ut
232 2418 366 2478 κλέπτειν,
386 2417 461 2468 clam
480 2417 544 2470 aliis
565 2416 636 2486 quid
653 2419 758 2470 facere.
778 2447 814 2458 —
846 2421 869 2470 ii
896 2425 1046 2470 ceterorum
1064 2417 1268 2469 Britannorum
1285 2411 1369 2482 sugat

179 2491 260 2550 simi,
279 2496 312 2540 ut
330 2487 462 2559 Thucyd·
484 2485 698 2562 ἀξιολογώτατος
715 2491 765 2544 teis·
784 2493 918 2562 npoee'par
936 2491 1070 2560 πολέμων,
1097 2489 1198 2540 mixtis
1218 2487 1369 2540 dunhusen

180 2569 282 2616 struet.
308 2565 406 2616 ceteris
422 2561 573 2617 Britannis
592 2562 758 2634 sagaciores
783 2570 812 2615 et
837 2567 960 2616 omnium
982 2563 1186 2616 Britannorum
1202 2559 1369 2631 fugacissin

179 2635 263 2689 Doed
284 2653 357 2688 vers.
377 2653 405 2705 p.
426 2638 470 2690 49.
509 2635 578 2702 „sic
608 2643 636 2689 et
662 2635 787 2688 Macrob.
808 2633 865 2688 Sat.
886 2639 917 2702 7,
937 2640 963 2691 8.
998 2637 1156 2707 Aegyptum
1174 2639 1325 2704 regionum
1342 2629 1369 2680 nl

182 2728 244 2763 rum
262 2709 481 2767 calidissimam,
508 2709 582 2762 Plin.
603 2713 653 2774 34,
675 2713 718 2762 10.
752 2709 902 2762 Ostraeitis
921 2717 983 2762 tota
1003 2713 1089 2782 nigra
1107 2716 1135 2760 et
1153 2715 1310 2760 ceterarum
1328 2719 1369 2756 sao

180 2783 296 2838 dissime
315 2789 343 2836 et
364 2781 422 2834 cic.
442 2782 523 2834 Brut.
544 2799 569 2834 c.
588 2785 615 2838 9.
636 2781 839 2836 eruditissimus
859 2785 905 2834 ille
924 2781 1023 2834 borum
1041 2787 1179 2841 omnium,
1199 2797 1299 2849 quae.
1320 2777 1369 2838 tbi

182 2857 264 2909 curia
289 2855 420 2924 ipsorum
448 2861 599 2906 auctorum
627 2856 774 2922 profecta,
809 2871 869 2908 non
897 2854 1038 2908 imitanda
1062 2853 1196 2908 censebat
1221 2853 1354 2906 Perizon

181 2927 277 2982 Senot.
298 2925 365 2978 stin.
386 2943 415 2994 p.
435 2927 516 2979 240.”
544 2927 672 2978 Ruddim.
702 2925 768 2977 inst.
795 2927 895 2979 Graiu.
916 2927 948 2980 Τ.
971 2928 1010 2980 ll.
1030 2947 1060 2998 p.
1080 2931 1125 2984 83.
1145 2929 1189 2981 84.
1225 2925 1275 2980 Cf.
1298 2919 1368 2974 adl

181 3001 255 3054 nnn.
278 3003 308 3064 1,
327 3001 381 3062 53,
402 3001 426 3050 1.
453 3005 482 3050 et
500 2997 672 3052 Rernshorn.
693 2998 793 3052 Grsm.
814 3017 842 3070 p.
862 3003 924 3056 321.
962 3000 1056 3054 Iidem
1076 3019 1091 3053 a
1111 2999 1239 3073 Galgsco
1263 3015 1290 3049 c.
1313 3000 1355 3051 30.

181 3079 289 3125 cuntur
322 3070 487 3122 nobilissimi
515 3075 602 3125 totius
629 3071 810 3133 Britanniae,
842 3073 910 3141 quia
941 3073 996 3125 soli
1023 3073 1197 3127 servitutem
1227 3071 1368 3144 effugere

180 3146 243 3214 llip.
281 3141 312 3194 ln·
330 3159 384 3212 pro
404 3147 429 3194 ii
444 3143 505 3194 vat.
526 3146 605 3202 3429.
626 3143 688 3197 edd.
715 3143 801 3200 Beck.
826 3145 907 3198 Hert.
929 3145 1041 3200 Peerlk.
1061 3175 1098 3186 -
1130 3149 1323 3214 superstites,
1351 3159 1368 3192 ¹¹

181 3217 250 3270 dum
269 3215 360 3278 victi3
379 3214 448 3268 ΕΜ.

252 3311 278 3364 3.
319 3305 456 3372 Quomodo
486 3307 524 3372 (v.
544 3305 579 3359 sd
598 3307 628 3361 0.
649 3307 706 3378 36.)
731 3327 748 3361 a
770 3311 855 3364 sileas
877 3311 1018 3380 saltusque
1038 3310 1254 3381 penetrantibus
1289 3309 1335 3374 (u.
1359 3299 1368 3358 l

182 3381 237 3434 111.
258 3397 285 3432 v.
303 3379 430 3433 Allativi
449 3381 519 3446 cet.)
539 3378 728 3448 fortissimum
746 3382 867 3454 quodque
892 3385 1015 3444 animal,
1052 3400 1068 3436 e
1091 3399 1122 3435 re
1145 3382 1225 3437 iein
1249 3381 1359 3456 Sing,

182 3461 284 3507 contre
308 3452 411 3524 pauida
429 3461 455 3505 et
472 3457 578 3508 inertia
606 3453 770 3521 (animalia)
797 3454 828 3506 in
854 3455 933 3523 plur.
964 3457 1033 3524 quia
1061 3400 1153 3522 ibai,
1180 3453 1260 3508 licet
1292 3453 1367 3506 unic*

182 3533 349 3579 venatorem
369 3524 557 3600 aggreditur,
588 3527 736 3580 confidens
761 3529 868 3591 robori,
905 3525 1012 3581 horum
1037 3537 1133 3582 autem
1152 3530 1285 3598 agmina
1311 3543 1367 3596 quo

181 3615 256 3651 vano
275 3606 389 3651 terrore
404 3600 571 3670 pellunturs
593 3599 623 3652 V.
642 3601 679 3651 D.
700 3600 732 3652 in
749 3599 874 3670 Ephem.
893 3599 938 3652 lis.
959 3603 1019 3654 len.
1038 3619 1063 3654 a.
1078 3602 1157 3656 1815.
1177 3608 1207 3654 et
1226 3601 1337 3653 Klein.

181 3669 210 3723 h.
230 3671 250 3724 l.
270 3679 313 3722 est
323 3669 514 3738 fortissimum
537 3673 691 3744 quodque
718 3675 845 3734 nimai,
870 3681 899 3726 et
917 3691 1011 3742 neque
1030 3673 1140 3736 rebare,
1172 3690 1280 3742 neque
1302 3689 1367 3744 agn

182 3742 219 3796 sd
236 3741 377 3796 animalia
396 3743 592 3798 referendum.
628 3748 836 3812 penetrantibus
855 3747 1069 3810 (venatoribus)
1096 3754 1197 3800 cantra
1224 3763 1321 3799 ruere
1344 3751 1367 3816 (q

70 3829 74 3840 ·
183 3815 294 3868 dictum
313 3823 417 3884 putant
434 3833 491 3885 pro
511 3815 573 3868 ruit
592 3817 640 3870 vel
659 3835 745 3872 ruere
763 3819 838 3873 solet
857 3827 954 3872 contra
970 3827 1163 3888 penetrantes,
1198 3824 1239 3870 ut
1271 3819 1346 3871 fere

182 3895 279 3940 contra
296 3891 368 3940 dum
386 3887 461 3941 Anu.
482 3893 535 3956 11,
555 3893 598 3943 10.
618 3896 667 3942 aut
685 3899 784 3944 contra
801 3890 880 3944 nobis
899 3893 988 3944 Plaut.
1008 3890 1098 3946 Stich.
1118 3895 1151 3956 5,
1171 3893 1202 3954 7,
1223 3891 1279 3958 5.)
1310 3911 1353 3945 ex

183 3961 245 4012 Vat.
265 3963 345 4016 3429.
366 3968 542 4014 revocarunt
559 3959 638 4014 Brot.
659 3959 723 4034 Bip.
743 3963 792 4016 Ob.
814 3964 875 4017 slii.
914 3981 990 4018 ruere
1015 3963 1103 4017 etiam
1130 3964 1163 4016 in
1182 3961 1258 4018 edd.
1285 3973 1353 4018 vet.

183 4031 274 4085 Rhen.
295 4033 344 4086 sed
363 4033 469 4086 omisso
487 4041 592 4088 canna.
629 4033 788 4090 Enimvero
812 4036 975 4106 particulae
996 4037 1179 4106 copulativae
1196 4038 1366 4108 quomode.

183 4111 270 4165 secut,
301 4105 527 4176 quemadmodum
546 4134 589 4156 .-
618 4109 663 4160 ita
699 4125 760 4162 non
792 4107 845 4162 iun
908 4118 959 4162 tur
985 4109 1163 4174 infinitivis3
1194 4107 1326 4164 Weeets.
1365 4163 1366 4174 ,

184 4175 338 4232 Rhenanus
358 4179 465 4244 tacite,
501 4178 550 4234 sed
573 4177 646 4233 bene
673 4180 803 4252 reposuit
821 4199 853 4235 ro
871 4200 932 4236 are.-
963 4181 1081 4236 Tacitus
1106 4181 1186 4236 enim
1203 4198 1283 4236 non
1308 4185 1366 4240 dix

185 4268 278 4312 ruere,
307 4249 357 4304 sel
374 4255 447 4312 ruit,
475 4257 503 4304 et
520 4251 616 4303 robore
635 4261 715 4307 reete
734 4255 895 4324 opponitur
913 4257 1038 4324 agminis
1055 4245 1138 4322 sono,·
1156 4251 1238 4306 Picls.
1293 4258 1340 4312 hl

186 4339 255 4392 pere
274 4322 366 4375 aeteri
386 4321 512 4376 editores
532 4330 561 4377 et
580 4323 612 4376 in
629 4321 677 4379 his
696 4326 818 4380 latinam.
839 4327 922 4382 cuius
941 4333 1009 4380 nota
1033 4335 1089 4381 est:
1124 4325 1212 4393 „Vim
1249 4329 1365 4384 simili

84 4445 94 4456 ,
188 4393 230 4448 nis
249 4409 307 4447 non
326 4401 405 4450 reete
423 4395 587 4466 percepisse
607 4395 746 4454 videntur
765 4415 822 4452 ree.
843 4399 1026 4471 interpretes.
1067 4399 1142 4453 Nem
1161 4407 1190 4453 et
1207 4399 1365 4458 fortiss
