2890 4790
314 771 968 930 reserari-0.

492 1049 812 1062 mon-*noom-

117 1197 267 1281 Paucnla
289 1227 389 1297 suut,
424 1221 611 1301 quaemihi
633 1219 877 1302 praemonenda
903 1219 1072 1284 videntur.
1121 1220 1258 1286 Praeter

49 1361 93 1400 me
116 1336 224 1401 eodem
252 1345 406 1418 tempore
434 1337 547 1420 plures
577 1339 645 1401 viri
673 1336 762 1401 docti
791 1361 883 1424 spem
915 1344 1062 1402 swerent
1095 1361 1258 1404 ιιοιιιιιιιι
1356 1383 1360 1394 ,
1423 1319 1424 1372 3

49 1441 140 1502 Taciti
166 1437 371 1516 editionum,
410 1435 552 1520 ideoque
588 1459 693 1502 meato
728 1439 819 1502 haud
848 1443 1006 1504 festinare
1033 1439 1257 1504 decreveram.

49 1547 142 1622 Quum
160 1557 242 1604 vero
265 1535 457 1620 redemptor
477 1542 550 1600 eins
578 1559 708 1603 moram
737 1542 773 1603 iu
794 1543 853 1603 tali
880 1540 1068 1604 studiorum
1090 1561 1258 1604 concursu

48 1644 99 1704 sibi
116 1639 290 1703 admodum
312 1644 443 1703 noxiam
464 1645 537 1703 iore
559 1648 729 1720 censeret,
763 1661 869 1704 unum
897 1645 1010 1706 saltem
1025 1645 1187 1704 uolumen
1208 1643 1257 1714 illi

47 1745 218 1823 speciminis
254 1743 325 1804 loco
361 1745 395 1803 in
427 1744 555 1828 vulgus
581 1739 785 1802 efferendum
816 1741 964 1822 tradidi,
1002 1741 1091 1826 quod
1126 1743 1258 1806 minora
1376 1775 1388 1805 a

47 1843 138 1904 Taciti
164 1843 291 1925 scripta
318 1861 386 1903 una
414 1859 490 1904 cum
521 1842 647 1923 triplici
677 1841 791 1906 Indice
819 1845 1050 1926 complectitur
1081 1852 1115 1906 et
1140 1839 1258 1906 ordine

46 1943 161 2026 quidem
182 1953 234 2008 est
254 1951 457 2022 extremum,
492 1940 549 2004 sed
570 1960 721 2004 seorsum
743 1963 875 2026 quoque
896 1947 961 2032 legi
981 1947 1113 2030 emique
1133 1946 1258 2028 poterit

47 2055 72 2104 et
96 2048 169 2108 hinc
199 2043 324 2128 duplici
352 2042 450 2105 ruodo
481 2045 680 2128 inscriptum
711 2053 770 2106 est.
830 2044 948 2108 Priora
978 2044 1062 2108 illud
1093 2047 1258 2129 excipient

47 2149 180 2227 proximo
197 2165 284 2206 anuo
303 2153 336 2208 et
348 2164 415 2206 nou
429 2143 526 2206 modo
539 2155 710 2225 veterum,
733 2144 791 2208 sed
805 2148 1109 2210 recentissimorum
1125 2166 1257 2228 quoque

45 2245 195 2308 editorum
227 2247 476 2324 annotationes,
517 2266 602 2328 quae
632 2247 772 2308 alicuine
803 2251 905 2331 pretii
935 2269 1007 2310 esse
1035 2245 1254 2326 videbuntur,

45 2357 159 2428 praeter
180 2366 278 2408 meas
292 2346 518 2418 oentiuebnnt.

110 2450 282 2512 Volumini
302 2449 413 2531 primo
433 2449 636 2534 praeligetur
656 2447 885 2529 Prooemium,
918 2455 955 2511 in
977 2471 1043 2534 qno
1064 2449 1106 2512 de
1132 2452 1202 2514 vita
1223 2457 1257 2510 et

45 2553 158 2634 scriptis
175 2549 304 2629 Taciti,
326 2548 367 2638 de
384 2550 506 2610 horum
524 2547 651 2627 indole,
680 2546 848 2613 codicibus
865 2548 965 2614 MSS.
998 2561 1032 2614 et
1052 2549 1255 2614 editionibus

45 2663 97 2713 tam
125 2655 199 2714 aliis
231 2669 332 2734 quem
354 2659 466 2712 nostra
509 2647 744 2732 disputabitur.
799 2643 923 2714 Variae
955 2657 1067 2713 autem
1098 2653 1254 2712 lectiones

44 2755 229 2816 mnotationi
244 2759 424 2834 perpetuae
442 2753 513 2812 suis
530 2752 722 2812 inserentur
738 2751 835 2826 locis3
857 2771 918 2814 uec
933 2754 1029 2815 facile
1042 2753 1256 2834 reperientur

43 2851 143 2938 dignae
155 2837 343 2916 memoratu
357 2853 393 2912 in
410 2851 597 2914 minoribus
610 2850 720 2912 Taciti
737 2853 889 2934 scriptis,
911 2855 1044 2936 quaein
1061 2853 1124 2914 hac
1137 2869 1254 2914 eorum

43 2953 169 3016 editione
201 2955 269 3016 siut
296 2954 566 3036 praetermissae,
609 2960 743 3035 praeter
772 2955 844 3015 illas
875 2953 967 3017 MSti
987 2953 1229 3028 ·Faruesieui
1218 2973 1253 3012 ιιι

43 3055 164 3140 llialogo
194 3053 236 3117 de
265 3053 466 3116 oratoribus
519 3052 621 3115 Hunc
653 3051 798 3152 codicem
824 3055 1143 3138 praestantissimum
1172 3052 1254 3120 Nie-

21 3229 22 3232 ,
41 3157 166 3218 bricius
187 3175 298 3240 nuper
318 3153 460 3237 Neapoli
480 3157 682 3248 accuratius,
689 3173 787 3250 μω
797 3157 904 3254 ,olim
910 3157 1047 3252 [ipsine
1064 3160 1255 3218 excusserat

21 3241 64 3316 ‘rt
91 3259 247 3320 lectiones
275 3259 348 3318 eius
377 3252 612 3318 describendae
639 3241 848 3318 curaverat'
838 3278 873 3317 ιιι
895 3275 1001 3320 usum
1016 3241 1064 3322 ot.
1087 3254 1253 3332 Bekkeri,

38 3362 85 3438 pti
104 3379 158 3421 eas
179 3361 215 3420 io
237 3359 418 3420 novissima
438 3355 548 3418 Taciti
569 3333 845 3459 editioneLipn,
836 3360 941 3450 ispi.
951 3359 1130 3444 vulgavit,
1162 3362 1252 3439 post-

39 3475 122 3534 {uam
150 3466 266 3519 uostm
295 3453 337 3516 ad
364 3455 455 3518 huuc
486 3455 662 3554 Dialoguut
694 3441 862 3548 annotatio
892 3461 966 3522 itm
992 3461 1085 3542 prelo
1117 3459 1251 3520 exierat.

40 3552 140 3638 ltaque
159 3559 266 3620 illas
255 3579 291 3618 ru
314 3557 476 3620 tectorum
496 3559 672 3652 gratiam
651 3541 728 3624 irie
703 3540 969 3661 rappopepdff
909 3541 1033 3624 lineat.

108 3657 244 3722 ΕΔΜ.
274 3679 322 3720 vs.
342 3663 371 3720 1.
401 3679 500 3737 quum
522 3656 622 3720 deest.
663 3631 696 3720 2⁸.
699 3626 964 3742 floruerint.
1007 3663 1039 3726 3.
1060 3659 1159 3720 leude
1188 3657 1252 3718 elo·

39 3763 176 3829 rmntios
197 3762 324 3822 orbata.
370 3759 424 3837 (ln
445 3757 518 3834 MS.
540 3759 785 3842 actoquenciae,
825 3773 911 3824 ute.
929 3764 959 3826 9.
982 3774 1156 3841 atquae,
1155 3778 1183 3818 c.
1202 3761 1250 3819 10.

40 3863 210 3938 praetium,
242 3881 271 3922 c.
288 3863 338 3923 21.
362 3860 554 3938 nequidem,
587 3879 614 3920 c.
634 3861 684 3923 33.
707 3861 868 3941 ingruessi
889 3871 922 3924 et
942 3863 1097 3925 similiter
1119 3880 1146 3922 c.
1166 3861 1197 3922 2.
1220 3864 1253 3920 at

21 3957 78 4020 311.
96 3965 264 4037 poenitus,
287 3958 346 4022 sed
368 3979 395 4022 c·
411 3959 461 4022 35.
483 3961 551 4039 ipse
565 3979 644 4024 vero
663 3979 725 4044 pro
743 3963 832 4042 ipsae
846 3958 950 4042 vero.)
993 3961 1023 4023 ll.
1044 3961 1251 4040 appellemus.

41 4063 119 4122 tat
138 4064 241 4126 abest.
274 4063 322 4124 15.
345 4081 442 4139 quom
468 4081 531 4146 pro
560 4081 672 4142 quum.
718 4060 786 4137 (tta
807 4069 842 4122 et
862 4080 890 4122 c.
907 4060 937 4124 5.
959 4081 1055 4140 quom
1077 4062 1251 4141 optimum,

43 4161 121 4220 tlt).
143 4185 241 4243 quom
264 4164 340 4235 rtbi,
373 4183 402 4224 c.
425 4163 475 4224 19.
498 4183 594 4241 quom
615 4164 692 4234 vix,
725 4183 752 4224 c.
775 4161 824 4224 35.
847 4182 944 4238 quom
965 4161 1088 4234 pueri.)
1128 4162 1177 4223 17.
1200 4161 1251 4221 iis·

44 4259 168 4340 lemque
191 4297 233 4312 -
278 4261 371 4326 CAP·
388 4262 430 4325 11.
452 4286 484 4325 v.
505 4267 532 4326 1.
556 4265 727 4328 Curiatius
746 4261 930 4326 Maternus.
965 4265 994 4324 l.
1019 4263 1167 4324 habetur.
1202 4260 1250 4321 tt.

44 4367 113 4422 1Μί
142 4368 342 4430 eruditione.
370 4397 411 4410 -
456 4362 625 4430 cte-111.
646 4389 678 4430 r.
699 4365 730 4428 ll.
762 4365 939 4428 Nihilne
961 4377 1007 4424 te.
1051 4366 1080 4426 6.
1103 4382 1252 4442 appre-
