2770 4792
179 171 242 236 216
594 165 845 232 semeonis
864 167 985 232 VITA.

180 335 241 388 loss
261 339 288 388 et
307 333 473 408 margaritis
496 330 607 388 indicis
625 331 782 388 obtusior.”
807 333 884 388 Brut·
921 331 1131 406 „Murgantam
1157 336 1288 390 maculis
1311 291 1379 386 iactu

179 424 239 462 earn
256 423 335 476 caepe
354 409 444 459 omnis
462 407 563 460 caloris
580 406 688 477 puidam
710 409 846 475 optimam
873 409 1037 468 inueniunt,
1066 410 1085 460 i.
1104 425 1125 460 a
1150 415 1179 460 et
1202 408 1343 466 rubicundi
1364 413 1379 464 51

89 485 90 490 ’
200 483 312 548 urpurei
328 485 356 532 et
373 477 553 550 hyacinthini
569 485 597 530 et
613 481 742 548 prasini,
766 479 814 532 sed
829 483 948 532 manime
966 481 1094 541 candidi,
1121 479 1198 534 Beda
1216 480 1252 534 11.
1273 481 1303 534 A.
1323 485 1379 543 1,1,

196 557 221 603 ,t
239 568 306 606 sane
324 549 475 604 induviis
494 549 677 620 Britanniae,
706 567 797 622 aeque
816 569 849 606 55
869 551 1061 620 Gemanica,
1091 551 1266 628 margaritae
1285 551 1379 621 quiden

181 622 309 694 optimae
327 621 537 694 reperiuntur,
564 622 692 678 sedtum
711 639 820 694 pauens
840 631 869 678 et
886 641 1008 695 parrae,
1033 633 1067 678 51
1087 642 1188 680 aarum
1207 633 1323 694 captura
1339 639 1379 676 noi

203 704 353 750 enarretur
370 693 535 750 damnnm.’'
561 695 668 752 Walch
706 695 749 751 cf.
777 695 923 752 Ainmian.
945 699 997 764 23,
1022 701 1055 764 6,
1077 701 1121 752 88.
1151 697 1250 766 ibique
1273 697 1379 750 Lindon

179 713 261 854 1555.
277 777 290 792 “
313 765 505 839 Margaritum
528 775 557 821 et
583 769 661 824 Plur.
694 771 859 839 margarita
887 787 947 824 555
974 770 1034 823 5151
1060 769 1254 838 scriptoribus
1285 767 1379 828 seriori

180 856 244 894 aeri
258 839 297 966 lin
316 859 369 966 usp
386 839 451 893 1511.
485 858 513 894 v.
534 839 812 896 051551518551.
832 841 893 896 cal.
913 859 938 896 5.
958 845 1002 900 37.
1022 871 1058 882 -
1091 849 1182 896 anem
1205 843 1310 903 abesse,
1343 847 1379 909 qut

180 911 239 966 sint
271 930 286 966 5
309 930 345 968 55
366 932 389 966 5.

251 929 347 1042 Bge'n
365 985 448 1040 rubra
465 987 554 1048 mari,
572 985 604 1038 in
624 1002 730 1040 oceano
749 983 862 1040 Indico.
887 1005 914 1042 5.
932 985 969 1040 51
986 983 1060 1040 Ann.
1079 989 1113 1054 2,
1132 989 1184 1054 61,
1202 991 1228 1044 3.
1265 985 1379 1057 Marga‘i

179 1063 240 1122 tas,
267 1076 383 1130 quarum
400 1061 483 1132 origo
501 1065 583 1129 atque
600 1060 736 1130 genitura
753 1057 856 1112 concha
873 1067 931 1120 at,
961 1062 1009 1112 cui
1025 1059 1239 1120 adhaerescunt,
1264 1065 1379 1128 omnisqu

180 1127 229 1184 doe
247 1131 279 1184 in
294 1131 430 1202 55551555,
447 1131 661 1202 magnitudine,
679 1132 741 1184 orbe
750 1167 759 1192 ,
779 1134 899 1194 laevore,
912 1132 1048 1203 pondere,
1073 1131 1187 1186 indicus
1204 1135 1379 1188 munimenti

181 1205 362 1260 titoceanus·
381 1232 418 1244 -
437 1203 546 1258 aanor
562 1207 667 1259 clarior
686 1207 717 1258 ira
735 1204 818 1258 rubro
835 1209 912 1260 neari
928 1209 1054 1274 repertis·
1090 1203 1203 1262 Indicas
1214 1209 1379 1275 ¹speculariae

181 1275 308 1344 lapidum
332 1295 447 1348 squama
469 1279 630 1339 assimulat,
662 1279 736 1332 aliae
758 1277 955 1349 magnitudine
968 1279 1164 1347 praecellentes
1183 1287 1237 1333 cet.
1276 1276 1379 1340 Plini

179 1345 247 1400 1555
266 1347 347 1402 class.
368 1349 403 1404 de
423 1367 488 1404 mar
509 1350 644 1417 5511159,
663 1351 795 1408 33—35.
815 1369 836 1404 s.
854 1353 980 1406 54-57.
1018 1350 1061 1404 De
1081 1367 1146 1402 mar
1184 1351 1309 1405 ritarum
1326 1348 1379 1416 mul

179 1417 306 1476 titudine
325 1438 360 1476 ex
378 1421 462 1476 India
505 1440 599 1477 omum
617 1423 749 1478 15515515
767 1441 795 1476 5.
814 1423 888 1476 Plin.
909 1425 961 1488 12,
983 1425 1026 1478 18.
1051 1368 1187 1494 15155115
1205 1441 1302 1500 magn.
1321 1421 1379 1476 1155

179 1489 205 1544 1.
225 1493 259 1558 2,
277 1497 303 1550 3.
326 1495 443 1550 ,Maura
463 1494 498 1549 de
517 1495 590 1549 luxu
608 1495 706 1563 Rom,
739 1494 899 1550 lioberston
923 1493 993 1548 hist.
1013 1493 1132 1564 disquis.
1151 1498 1294 1550 concerni
1350 1511 1379 1556 55

179 1561 259 1618 51551
277 1565 359 1619 15115
376 1583 405 1636 p.
425 1568 469 1624 57.
495 1566 539 1624 ed.
565 1567 627 1622 Bas.
652 1576 680 1621 et
707 1567 851 1642 Sprengel
871 1565 976 1622 Geseb.
996 1566 1023 1620 d„
1042 1583 1142 1642 geogr.
1162 1514 1356 1624 Entdeckngl.
1372 1557 1379 1626 1

178 1633 209 1704 §-
230 1639 294 1703 17.;
322 1639 399 1694 Arai.
418 1667 454 1680 -
484 1643 562 1694 susis
579 1642 663 1694 auelli
680 1639 717 1693 ab
733 1639 950 1704 urinatoribus3
978 1657 1045 1692 nam
1065 1641 1152 1693 altius
1170 1659 1276 1696 mersae
1293 1641 1379 1696 haeret

177 1713 270 1771 55515,
300 1729 349 1765 nec
372 1714 434 1766 niti
449 1715 480 1766 ai
497 1731 529 1766 ac
546 1732 660 1768 cummo-
667 1715 792 1783 pericuio
810 1715 969 1769 avelluntur
986 1713 1140 1784 &gentibus
1159 1713 1234 1766 Blin.
1254 1719 1288 1784 9,
1307 1714 1379 1770 515

176 1789 262 1850 prout
278 1785 392 1854 5555155
409 1788 471 1840 sint
488 1801 527 1840 55.
546 1785 698 1849 1551115555
724 1786 792 1839 Era.
1378 1833 1379 1850 ,

250 1859 294 1910 10.
331 1864 465 1910 naturasve
482 1861 652 1928 mangnitis
668 1859 756 1912 (155555
772 1873 811 1910 55.
830 1855 945 1912 bonam.
983 1855 1143 1919 „Natureaa
1162 1873 1239 1922 5155,
1261 1875 1334 1927 quae
1353 1855 1379 1924 15

178 1923 250 1980 dicis
271 1927 317 1984 sit.
345 1947 373 1982 5.
402 1929 642 1986 5151151.
680 1928 791 1984 Natura
818 1935 913 1982 autem
942 1935 985 1980 est
1007 1928 1148 1996 qualitas,
1174 1928 1272 2000 φύσις,
1297 1925 1379 1992 nasici

177 2001 293 2067 5555551,
320 2006 354 2052 51
371 2007 478 2052 natura
496 2003 605 2054 succini
623 1999 658 2054 G.
677 2001 721 2056 te.
752 2009 781 2056 et
797 2003 866 2054 solis
884 2000 959 2054 Plin.
979 2001 1013 2065 2,
1032 2003 1077 2056 39.
1112 1999 1215 2067 inepta
1242 1999 1379 2054 Boxhora

178 2067 334 2138 explicatio
359 2067 453 2124 niinia
476 2072 646 2142 prolixitate
672 2073 818 2126 renitatur
840 2089 857 2124 5
881 2070 991 2124 Gron.’'
1023 2069 1185 2124 1151511.-
1219 2089 1304 2141 quara
1327 2070 1379 2138 5511

176 2143 346 2196 avaritiaene
363 2141 478 2208 „Acuta
496 2149 526 2196 et
544 2161 612 2200 rere
630 2143 756 2210 diotusn,
782 2143 861 2212 quod
878 2143 1008 2196 illustrat
1026 2143 1101 2196 Plin.
1121 2144 1172 2207 12,
1194 2146 1237 2198 18.
1284 2143 1379 2216 5155111

176 2215 262 2266 etiam
281 2233 354 2268 nunc
364 2213 481 2282 felicius
498 2233 577 2268 mare
594 2223 651 2270 ests
684 2234 716 2270 uc
740 2217 791 2269 ilio
809 2234 925 2286 namque
943 2218 1120 2288 margaritae
1137 2219 1246 2274 mittit,
1270 2220 1379 2274 minima

176 2301 226 2356 que
244 2291 452 2356 computatione
469 2289 573 2344 millies
590 2297 705 2342 centena
730 2290 828 2342 miliia
845 2287 902 2342 Ha
930 2293 1015 2343 annis
1034 2289 1160 2340 omnihus
1177 2289 1261 2342 India
1279 2299 1309 2342 et
1329 2287 1379 2368 Seri

174 2361 391 2431 paeninsulapue
408 2362 461 2414 illa
478 2363 598 2430 imperio
616 2367 713 2414 nostra
732 2361 869 2414 adimunt.
915 2360 1006 2414 Tanta
1032 2361 1111 2414 nabis
1134 2359 1248 2413 deliciae
1273 2371 1305 2416 et
1320 2360 1379 2432 sent

176 2448 229 2482 nae
247 2435 420 2486 constant!”
444 2432 523 2486 Brat-
562 2429 606 2486 Gi.
635 2433 671 2486 ad
698 2433 772 2487 Anu.
797 2437 830 2498 1,
855 2435 958 2496 72,1.
989 2433 1235 2498 15555511,29.
1257 2440 1294 2502 1,
1315 2437 1379 2494 aas<

129 2493 133 2510 ’
176 2505 209 2568 5,
228 2505 273 2558 n.
292 2507 337 2562 aa.
355 2507 389 2572 o,
408 2505 469 2562 sss.
491 2507 553 2562 155.
574 2509 623 2571 10,
642 2507 686 2560 27.
706 2513 736 2559 5
753 2505 915 2580 rostagni
933 2504 1038 2562 55555
1055 2522 1084 2574 p.
1104 2507 1209 2574 aeosq.
1229 2505 1274 2560 55
1294 2525 1342 2578 pr.
1378 2499 1379 2568 ἑ

637 2685 947 2742 GAPU'l'Xlll.

259 2816 328 2898 lpsi
348 2815 503 2880 Britanni
535 2815 697 2880 delectum
728 2833 767 2877 ac
794 2815 923 2876 tributa
951 2823 985 2878 et
1004 2817 1156 2879 iniuncta
1176 2817 1315 2900 imperii
1336 2825 1379 2878 mi

175 2917 256 2959 5555
277 2901 419 2984 impigre
440 2899 576 2978 obeunt,
598 2901 791 2962 5115155155
812 2898 939 2960 absint=
962 2896 1021 2960 has
1042 2919 1140 2987 aegre
1160 2901 1315 2972 tolerant,
1342 2902 1379 2982 15

174 2979 305 3060 domiti,
323 2989 361 3043 51
373 2990 523 3065 5555551,
540 2979 698 3063 nondum,
721 2989 760 3044 51
776 2983 934 3044 55551551
974 2981 1083 3069 igitur
1104 2986 1235 3068 primae
1256 2983 1379 3052 omnini

174 3063 399 3128 Romanorum
420 3063 463 3126 D.
485 3063 591 3128 151155
613 3085 689 3127 cum
711 3066 860 3128 exercitu
871 3063 1078 3128 Britanniam
1099 3070 1280 3154 ingressus,
1304 3057 1379 3150 qua*

175 3166 275 3230 qnam
303 3166 466 3230 prospera
495 3167 608 3248 pugna
635 3149 802 3212 terruerit
829 3149 953 3212 1555155
984 3169 1023 3210 55
1057 3151 1155 3213 111555
1191 3154 1321 3234 5511155
1355 3171 1372 3210 5

174 3237 283 3313 551551
303 3228 414 3294 rideri
435 3231 617 3294 ostendisse
636 3234 799 3316 posteris,
826 3251 893 3292 non
915 3230 1099 3296 tradidisse.
1144 3232 1227 3295 Mox
1254 3235 1379 3306 beliad

173 3314 366 3376 511151115
388 3315 647 3399 rempublicam
667 3335 766 3380 55555
787 3316 979 3398 principum
1007 3335 1100 3378 arma
1127 3337 1167 3378 55
1198 3317 1296 3402 longa
1326 3309 1379 3388 obi

173 3397 231 3460 515
251 3394 465 3478 Britanniae,
497 3401 596 3460 etiam
617 3401 653 3460 in
674 3419 766 3483 pace.
822 3395 1006 3460 Bousilinm
1033 3397 1070 3460 id
1090 3400 1131 3462 D.
1154 3399 1331 3486 Augustus
1353 3403 1379 3484 51

174 3479 291 3560 cahat,
325 3480 482 3550 Tiberius
504 3492 729 3566 praeceptum.
779 3479 808 3543 A
832 3483 931 3546 115555
960 3479 996 3544 C.
1022 3479 1195 3546 Caesarem
1217 3481 1379 3546 (15151511

174 3560 218 3625 da
238 3561 414 3632 Britannia¹
437 3567 518 3630 satis
539 3575 687 3646 5555151,
717 3567 753 3628 51
777 3503 875 3629 veios
896 3568 1048 3654 ingenio,
1080 3566 1212 3628 mobilis
1233 3571 1379 3651 poenite

172 3646 243 3724 tia,
281 3657 314 3708 et
339 3648 489 3734 ingentes
518 3645 678 3712 adversus
709 3648 922 3730 Germaniam
949 3656 1086 3714 conatus
1107 3653 1234 3712 1555155
1254 3653 1379 3732 fuisses

173 3727 284 3792 Diuus
305 3727 464 3798 Claudius
485 3738 604 3797 auctor
624 3734 754 3816 operis,
783 3735 980 3797 transvectis
1002 3733 1187 3818 legionibus
1206 3735 1379 3817 auxiliisqt

174 3819 209 3876 et
228 3823 398 3896 assumpto
419 3817 456 3876 15
476 3823 606 3898 partem
627 3837 743 3880 rerum
763 3815 992 3900 Vespasian03
1023 3815 1113 3900 quod
1133 3818 1268 3878 initium
1289 3823 1379 3888 5551

174 3913 231 3957 555
251 3913 329 3956 mox
349 3899 503 3960 15515555
524 3899 598 3961 tuit
648 3899 802 3963 Bomitae
823 3909 956 3986 555155,
996 3902 1084 3984 55511
1105 3919 1198 3986 reges
1210 3945 1221 3978 ,
1259 3909 1294 3962 et
1315 3903 1379 3968 md

174 3986 299 4040 5155155
319 3981 396 4042 fatie
417 3980 653 4065 Vespasianus.

246 4099 271 4150 1.
318 4093 379 4164 Ipsi
404 4095 542 4152 Britanni
565 4097 696 4157 delectum
724 4119 757 4154 ac
787 4101 897 4154 tributa
931 4107 959 4154 ct
993 4103 1124 4156 iniuncta
1150 4103 1268 4170 imperii
1293 4119 1379 4176 neura

173 4167 276 4231 (onera
294 4167 392 4238 potius
407 4167 442 4222 ab
461 4169 673 4240 imperantibus
691 4172 840 4239 iniuncta)
859 4175 980 4246 irnpigre
1002 4174 1119 4237 abwnt,
1150 4174 1187 4226 51.
1218 4171 1255 4228 ad
1282 4173 1379 4242 Annq

171 4240 222 4305 211,
241 4241 267 4294 2.
299 4247 329 4294 51
347 4239 382 4295 ad
401 4257 465 4296 rem
484 4241 538 4296 ini.
559 4261 585 4298 5.
606 4245 649 4300 15.
682 4253 711 4299 51
728 4245 784 4301 Dio
803 4249 858 4312 62,
877 4249 903 4302 3.
941 4245 1092 4318 iniungere
1116 4244 1186 4298 151.
1216 4253 1250 4300 51
1270 4263 1296 4298 c.
1316 4251 1374 4304 15.

174 4309 212 4364 al.
233 4309 363 4380 dicitur,
385 4321 418 4368 ut
438 4313 536 4370 Germ.
556 4315 742 4390 ausdringen,
768 4317 804 4373 de
823 4317 960 4374 oneribus
980 4317 1230 4389 muneribusque,
1255 4335 1335 4388 quae
1363 4323 1379 4392 u]
