2756 4792
210 261 274 326 122
517 254 742 324 DIALOGUS
763 257 822 321 DE
844 252 1130 322 ORATORIBUS.

213 445 280 490 non
301 429 337 488 in
358 427 440 490 calla
460 435 590 510 emptae
610 427 753 490 nutricis
763 467 773 497 ,
795 423 854 488 sed
873 427 1001 514 giendo
1025 445 1064 488 ac
1084 427 1159 487 sinu
1179 425 1282 485 matris
1299 419 1361 483 educ

211 510 327 591 batur,
349 513 445 572 cuius
466 513 647 594 praecipua
667 512 738 571 laus
765 517 856 588 erat,
882 513 973 572 tueri
1002 507 1137 571 domum
1158 515 1191 570 et
1210 507 1361 568 inservirel

211 593 311 656 beris.
364 593 555 680 Eligebatur
586 601 697 658 autem
724 591 835 676 aliqua
862 594 968 655 maior
997 590 1361 676 uatupropinqna,cni1

210 677 359 761 probatis
391 679 612 762 spectatisque
641 675 791 738 moribus
822 677 928 738 omnis
961 673 1108 738 eiusdem
1135 675 1270 736 familiae
1292 671 1361 734 subal

211 763 494 841 committeretur,
524 779 636 828 coram
665 779 731 843 qua
755 778 862 841 neque
890 757 1001 822 dicere
1028 763 1077 822 las
1108 766 1197 838 erat,
1225 753 1301 839 quod
1317 763 1361 835 tuq

211 841 322 923 dictu,
344 864 453 926 neque
474 847 595 924 lacero,
617 841 706 926 quod
727 842 938 906 inhonestum
959 845 1049 906 laetu
1068 840 1248 906 videretur.
1286 839 1324 900 lc
1339 857 1361 898 ιι

211 923 321 988 studia
348 925 445 988 modo
476 946 574 989 curas
623 945 660 1005 e,
689 924 747 988 sed
775 927 988 988 remissiones
1015 929 1113 988 etiam
1136 927 1210 996 lus¹
1268 941 1361 1004 epum

209 1027 287 1070 rum
308 1011 483 1074 sanctitate
510 1019 575 1092 qua
680 1027 720 1070 ac
747 1007 949 1074 remeantia
977 1009 1191 1092 temperabat.
1255 1008 1282 1067 ic
1299 1003 1361 1066 Com

208 1091 288 1152 liam
318 1089 570 1173 Gracchorum,
600 1093 649 1154 sie
679 1091 851 1154 Aureliam
881 1091 1052 1172 Caesaris,
1084 1093 1133 1154 sic
1159 1091 1265 1154 Atiam
1283 1089 1361 1172 Αιιςιιι

207 1183 350 1238 matrem
371 1177 555 1258 praefuisse
576 1173 826 1238 educationibus
847 1193 886 1238 ac
905 1173 1104 1258 produxisse
1125 1175 1284 1257 principes
1300 1171 1361 1232 libes

207 1258 403 1340 accepimns.
454 1259 546 1340 Quae
577 1257 751 1341 disciplina
770 1275 809 1318 ac
830 1260 989 1321 severitas
1011 1277 1050 1319 eo
1071 1258 1271 1340 pertinebat,
1297 1261 1327 1314 nt
1342 1253 1361 1311 si

207 1355 284 1399 cera
306 1345 339 1401 et
358 1342 489 1423 integra
519 1349 553 1403 et
578 1342 677 1402 nullis
698 1341 919 1424 pravitatibus
942 1337 1072 1402 detorta
1092 1341 1361 1418 uniuscuiusquen

206 1423 285 1478 tura
312 1425 382 1480 toto
411 1423 523 1482 statim
553 1427 688 1502 pectore
716 1423 884 1502 arriperet
911 1432 999 1486 artes
1029 1422 1182 1484 honestas
1214 1429 1264 1494 ct,
1291 1421 1361 1478 ιὶιιι

206 1513 277 1556 rem
300 1499 496 1578 militarem,
518 1503 590 1563 sive
611 1499 653 1562 ad
673 1501 759 1562 iuris
781 1503 963 1581 scientiam,
985 1503 1056 1563 sive
1077 1503 1120 1562 ad
1141 1501 1328 1582 eloquentiae
1341 1503 1361 1556 st

206 1573 299 1640 dium
318 1580 527 1660 inclinasset,
548 1581 585 1646 id
604 1583 711 1646 solum
732 1591 862 1666 ageret,
892 1581 928 1646 id
948 1583 1144 1646 universum
1166 1582 1314 1644 hauriret

277 1789 301 1840 1.
339 1785 379 1840 Es
396 1785 529 1853 Messala,
548 1809 576 1846 v.
597 1790 632 1844 ad
651 1809 675 1844 c.
695 1796 722 1847 ll.
744 1809 772 1844 n.
794 1795 819 1846 1.
839 1819 874 1832 -·-
909 1791 1156 1844 nes-aut-sst
1171 1784 1285 1856 „rarior
1300 1781 1361 1836 cotie

205 1857 337 1912 ctionusn
357 1863 523 1930 copulatio,
555 1863 590 1916 de
617 1881 674 1932 qua
701 1882 729 1916 v.
754 1863 852 1934 Spald.
873 1863 909 1918 sd
928 1861 1048 1929 Quintil.
1069 1863 1105 1927 3,
1124 1863 1161 1926 2,
1183 1861 1246 1916 18.”
1263 1859 1347 1910 Dr.-

135 1967 137 1972 -
203 1931 263 1982 iussa
296 1929 360 1983 edd.
396 1941 453 1986 vet.
487 1943 553 1989 ante
590 1935 668 2006 Lips.
702 1943 736 1990 ut
760 1945 790 1990 et
817 1934 891 1990 Pith.
919 1937 969 1988 Dr.
997 1935 1042 1987 Os.
1090 1938 1191 1986 etenim
1225 1936 1278 1984 ism
1303 1925 1361 2010 ‘bd

203 1999 290 2052 Fun·
339 2001 418 2060 Hinc
444 2010 530 2060 elimas
558 2011 584 2060 sl
610 2007 668 2060 scri
690 2025 754 2064 sare
781 2009 859 2079 Lips.
884 2007 964 2061 Pich.
990 2005 1070 2060 Brut.
1099 2005 1171 2060 Ern.
1201 2005 1238 2058 al.
1280 2001 1361 2068 „mm”

202 2069 262 2123 huc
300 2073 444 2143 quadrant
475 2079 615 2133 lectiones
645 2079 709 2134 ed.
744 2087 800 2134 vet.
834 2087 863 2134 et
900 2079 1004 2150 Lipsii.
1062 2077 1098 2130 ln
1132 2077 1184 2130 illa
1220 2091 1285 2130 vero
1312 2069 1361 2123 coll

203 2143 292 2227 Fprm
322 2143 399 2199 nihil
425 2149 508 2204 aliud
534 2151 605 2204 latet
635 2152 691 2205 nisi
717 2157 818 2207 etenim
846 2157 905 2206 iam
931 2155 1051 2212 scilicet,
1090 2149 1168 2219 quod
1197 2150 1230 2202 in
1256 2145 1321 2200 MSS.
1341 2157 1361 2194 st

203 2212 283 2266 batur
319 2235 358 2272 .s.
405 2221 461 2274 Per
494 2223 619 2276 ironiam
651 2226 789 2295 queritur
818 2223 953 2288 Messala,
996 2221 1086 2276 tribui
1120 2223 1173 2276 sibi
1209 2227 1300 2293 1311195
1327 2229 1361 2284 ΡΝ

203 2285 288 2371 rendi
314 2287 413 2344 locum
441 2309 627 2350 communem
661 2297 792 2352 omnibus
824 2304 866 2352 sat
894 2297 1027 2350 notum.’'
1062 2293 1135 2349 Orsl.
1181 2293 1240 2348 Sed
1271 2301 1361 2412 nemo‘p

203 2357 261 2412 cale
280 2359 388 2416 dixerit
406 2371 505 2420 desim
525 2373 582 2422 iam
599 2369 712 2425 scillcet.
749 2369 894 2440 Equidem
914 2365 1112 2434 crediderim,
1138 2367 1239 2420 omnia
1258 2363 1340 2417 illast

201 2435 261 2483 iens
280 2433 329 2486 vel
348 2445 376 2488 et
393 2442 636 2496 lam—sentimus
663 2441 695 2494 in
720 2459 812 2518 marg.
840 2441 1034 2526 aglossatore
1059 2438 1207 2510 adscripta
1230 2438 1312 2491 fuisse
1326 2447 1360 2516 vet

202 2518 299 2573 praec.
320 2507 423 2575 quibus
443 2511 543 2565 eadem
563 2513 731 2568 continetur
754 2522 905 2568 sententis.
925 2542 962 2554 -
991 2515 1126 2566 sentimus
1155 2511 1221 2564 edd
1250 2504 1360 2579 spinis

204 2577 235 2638 (e
254 2593 280 2629 c.
300 2576 388 2635 Fara.
409 2581 445 2635 de
464 2599 522 2653 quo
540 2603 568 2638 v.
588 2585 625 2639 ad
642 2603 667 2639 c.
688 2590 713 2640 1.
734 2603 763 2640 n.
778 2588 821 2652 3.)
842 2593 871 2640 et
889 2601 948 2640 rec.
987 2584 1130 2638 Omissum
1149 2583 1183 2636 in
1203 2583 1268 2638 edd.
1285 2573 1360 2633 Putl

202 2645 268 2701 Ber.
288 2647 379 2705 Rhen.
398 2652 464 2709 Ald.
482 2660 562 2712 susa
582 2659 730 2712 attestatis
749 2659 780 2711 ln
800 2675 893 2734 marg.
913 2658 1017 2712 Franc.
1038 2656 1206 2710 91001.-
1233 2658 1268 2709 ab
1284 2649 1359 2706 illae!

203 2727 301 2789 retus,
321 2723 395 2778 rita.
416 2735 445 2781 et
462 2728 542 2784 Orsl.
562 2729 705 2799 scripsere
722 2733 758 2785 ab
775 2735 839 2785 ista.
857 2759 894 2774 -
912 2734 1013 2800 inopia
1030 2729 1193 2789 tontum,
1212 2727 1359 2796 ιιίΙιικιμιιίε,1

202 2793 284 2846 fectu
303 2795 508 2872 ingeniorum,
528 2801 599 2856 lis-n.
618 2809 647 2856 et
666 2803 771 2858 Schola.
796 2803 866 2857 coll.
887 2803 1010 2870 Quintil.
1032 2807 1066 2868 1,
1086 2807 1111 2856 1.
1149 2802 1238 2856 Falsa
1255 2807 1294 2854 est
1309 2801 1359 2868 quet

201 2870 381 2932 paucissimis
404 2870 560 2929 hominibus
587 2878 645 2928 sim
665 2877 858 2950 percipiendi,
894 2894 964 2948 qvae
990 2875 1155 2937 trudam,
1188 2893 1245 2930 συθ
1267 2883 1358 2927 Μ’·

203 2934 269 3021 llere
288 2947 394 2995 nature
411 2943 529 3012 ddecet,
547 2947 595 3001 sed
609 2966 731 3004 curae·
750 2953 903 3004 inscientia
920 2951 1166 3019 praecipientium,
1186 2965 1274 3017 quesn
1292 2939 1358 3005 elQl

203 3007 250 3094 tal:
273 3012 323 3074 12,
344 3018 394 3081 11,
414 3019 458 3071 11.
477 3025 566 3072 notat.
605 3020 648 3075 Of.
674 3021 711 3076 sd
735 3022 770 3076 G.
791 3025 834 3079 13.
859 3041 886 3074 n.
905 3025 934 3077 1.
970 3023 1203 3092 praecipientium
1221 3022 1358 3073 mursae!

203 3086 264 3150 put
290 3083 327 3168 td
349 3085 520 3159 ἀμφιβολίαν
548 3090 580 3144 in
601 3102 810 3165 praeceptorum
836 3093 1001 3160 vitandam
1028 3093 1088 3148 Sclt
1111 3123 1148 3136 -
1184 3097 1272 3146 meris
1296 3087 1357 3154 antiq

203 3169 337 3242 ,mpepsus
356 3159 388 3210 in
407 3159 492 3215 laude
510 3165 648 3234 ponitur,
668 3168 693 3220 si
712 3167 776 3238 quis
794 3167 885 3221 fuerit
902 3171 989 3222 moris
1007 3172 1120 3238 antiqui
1138 3174 1166 3220 et
1185 3170 1357 3237 antiquorem

203 3241 327 3314 mesalum,
356 3248 384 3284 v.
413 3249 436 3286 c.
463 3235 536 3288 Anu.
557 3239 589 3304 6,
610 3241 653 3294 12.
685 3241 954 3308 11111261.
991 3239 1053 3292 Cic.
1080 3239 1116 3292 ad
1138 3239 1310 3306 Att.a,1s.
1341 3229 1357 3280 1

204 3305 323 3370 anteque
340 3308 442 3358 sinete
461 3315 487 3359 st
499 3307 556 3376 fide
574 3309 641 3366 Ter.
661 3310 786 3384 Adelph.
805 3316 842 3380 3,
862 3315 968 3368 texts.
987 3311 1086 3366 Genu.
1105 3315 1149 3364 ein
1168 3313 1244 3365 alter
1264 3299 1356 3364 Tantali

204 3367 266 3424 Sed·
288 3401 320 3414 -
349 3385 448 3432 nmtra
466 3381 544 3436 sesa
563 3383 626 3438 edd.
646 3383 738 3440 libau.
757 3385 784 3440 2
803 3389 830 3442 3.
851 3393 881 3440 et
898 3401 957 3440 ree.
995 3392 1093 3439 nostm
1110 3386 1185 3440 robis
1204 3383 1282 3438 MSS.
1301 3381 1356 3446 111.

204 3441 268 3496 Ber.
289 3453 318 3499 et
337 3446 427 3506 Rben.
448 3457 473 3508 1.
510 3463 603 3510 uestra
620 3457 696 3513 uobis
724 3455 768 3513 ed.
787 3474 832 3528 pr.
852 3459 914 3512 rut.
933 3457 998 3512 aiv.
1037 3457 1169 3512 Fortasse
1187 3456 1220 3513 h.
1239 3457 1260 3508 l.
1280 3451 1356 3506 euml

204 3514 263 3590 leg·
283 3519 361 3592 Ergo
380 3539 435 3593 pro
453 3527 533 3598 Ego,
551 3529 622 3590 vel,
648 3529 725 3600 quod
744 3529 861 3584 malim:
888 3536 946 3585 iam
965 3534 997 3584 in
1015 3533 1174 3600 prouincias
1192 3534 1321 3582 manunt.
1351 3523 1355 3600 1

203 3589 425 3658 niam-sunt,
459 3617 509 3669 ege
534 3600 566 3654 ds
593 3599 663 3656 Urbe
687 3611 741 3658 cet.
785 3603 882 3694 Vulqo
905 3602 1099 3680 distinguitur
1125 3603 1355 3715 Quanquam*q

204 3677 254 3752 ego
273 3671 326 3718 cet.
347 3695 383 3708 -
417 3677 445 3724 el
462 3671 505 3726 bis
521 3677 647 3744 propriis
666 3694 700 3730 ac
716 3679 874 3730 vernaculas
890 3679 989 3738 vitiis,
1017 3695 1044 3730 v.
1063 3675 1151 3730 adil.
1172 3679 1212 3744 2,
1232 3677 1287 3737 88,
1303 3675 1326 3727 l·

201 3750 269 3802 praa
287 3745 316 3790 et
328 3745 487 3824 ‘peculiam
505 3743 589 3800 buius
606 3745 688 3804 Urbis
705 3749 778 3803 sitia
793 3765 818 3802 c.
832 3752 876 3806 29.
897 3755 925 3801 ct
941 3747 1006 3802 huic
1022 3753 1146 3819 propriis
1164 3747 1293 3802 malebat
1301 3745 1354 3804 llus

203 3813 301 3860 natos.-
326 3829 358 3862 ιιι
376 3815 421 3868 ed.
440 3818 503 3870 Pus
523 3826 552 3873 et
570 3819 634 3873 Riv.
655 3827 744 3876 notos.
761 3849 798 3860 -
828 3825 1028 3876 moluntur.-
1053 3837 1112 3876 non
1139 3821 1217 3876 male
1244 3807 1354 3876 Schufll

204 3877 414 3968 Gesner-coni.
452 3895 640 3946 comitentur.-
668 3911 735 3946 nam
758 3894 800 3947 sic
819 3893 850 3946 iu
870 3895 968 3948 eadem
987 3895 1128 3949 orationis
1143 3893 1246 3970 ligura
1264 3877 1354 3964 pereat*

203 3959 250 4042 ret
269 3962 417 4042 pomptors
439 3962 512 4018 Orel.
529 3993 566 4004 —
580 3969 677 4036 pristas
695 3965 728 4018 in
749 3965 793 4020 ed.
812 3969 874 4021 Pul.
895 3974 925 4022 et
942 3965 1006 4024 niv.
1023 3971 1114 4040 pirus.
1126 3995 1163 4008 -
1181 3969 1217 4020 ds
1235 3963 1353 4026 serssritssl¹

202 4027 371 4112 duflplt'ms
389 4049 416 4085 v·
437 4033 473 4088 sd
492 4035 526 4090 G.
547 4039 592 4094 25.
613 4055 640 4091 ιι.
661 4041 688 4095 6.
726 4057 744 4090 α
762 4045 908 4093 severitate
925 4039 969 4094 ed.
988 4058 1035 4110 pr.
1054 4069 1091 4081 -
1117 4033 1353 4109 summamque*

202 4095 280 4168 Spar.
307 4099 439 4190 Lips.'(e
466 4124 491 4162 r.
520 4107 605 4163 Farn.
635 4110 669 4164 da
698 4126 755 4180 quo
782 4129 809 4165 v.
830 4111 866 4166 ad
885 4129 909 4166 c.
930 4115 956 4167 1.
976 4131 1004 4166 n.
1023 4113 1064 4184 3.)
1084 4119 1113 4168 et
1130 4129 1189 4168 rec.
1225 4055 1353 4184 firmssd

203 4171 267 4226 edd.
287 4175 349 4228 Put
369 4176 434 4234 Rau.
454 4179 518 4234 Ber.
538 4179 629 4237 Rhea.
650 4189 725 4249 tres,
743 4181 808 4237 Ald.
829 4183 932 4238 Franc.
953 4185 1015 4239 Gol.

272 4319 300 4372 2.
338 4320 400 4375 lam
418 4327 540 4392 primam
560 4325 623 4380 odd.
643 4325 734 4382 Rben.
752 4331 779 4386 2.
799 4333 825 4386 3.
846 4337 874 4384 et
893 4329 997 4385 deinde
1015 4347 1124 4386 omnes.
1159 4331 1228 4386 sam
1242 4221 1352 4498 paq

204 4404 268 4445 mae
287 4391 351 4445 edd.
389 4395 519 4462 „Eadem
547 4399 677 4456 conlusio
702 4417 747 4472 sp.
776 4401 855 4456 Flor.
878 4407 1046 4471 1,13,9.”
1077 4406 1148 4459 Oret.
1183 4403 1328 4475 Sequitur
