2846 4802
185 255 249 320 298
284 349 287 356 Ι
599 249 849 316 AGRICOLAE
884 253 1005 316 VITA.

188 435 390 508 resurmorum
410 419 514 488 capio,
534 425 567 470 ut
585 435 631 488 ap.
650 417 716 470 liiv.
738 423 770 485 1,
788 419 832 474 25.
849 418 898 473 'de
925 419 1091 472 vibratione
1110 434 1259 471 armenon
1279 419 1312 470 in
1332 419 1400 486 prii

188 509 332 622 titt.
362 491 505 618 tait·
519 493 988 620 a..t”tt.‘..tttt⁶.‘¹tt.⁰tt.
1002 491 1164 619 11111ἷὶ·
1177 493 1400 634 &iiiiii

187 656 268 692 mum
295 639 439 692 instructa
467 637 545 690 acies
570 637 812 705 Caledoniorum,
843 639 934 692 serius
958 638 1162 691 Romanorum.
1182 655 1210 690 v.
1231 653 1293 706 cap.
1313 639 1352 693 35
1374 653 1400 704 p

187 712 312 778 „Dicere
333 711 452 781 quidem
469 711 576 780 possis,
597 715 671 767 acies
689 727 757 764 cum
776 713 989 766 instruebantur
1007 711 1106 786 iungi,
1133 718 1274 779 unquam
1301 725 1400 779 appos

186 785 299 839 tionem
319 783 457 850 subiecti,
484 791 518 834 ut
535 801 580 853 ap.
601 784 664 837 Liv.
688 788 721 851 8,
742 790 786 840 1⁰.
807 788 907 849 0128,
928 787 987 848 15.,
1016 785 1064 837 vel
1085 783 1161 837 acics
1179 791 1239 837 tres
1259 781 1400 851 (Sebiacb

186 857 301 926 hausen)
321 857 485 931 designari,
504 857 649 926 primam,
671 857 817 923 mediam,
846 859 993 910 ultimam.
1033 857 1090 910 Illa
1108 871 1179 909 vero
1198 856 1273 909 ratio
1293 856 1347 908 vix
1368 873 1400 908 ae

186 931 339 998 mittenda,
359 930 430 983 baec
448 945 506 982 non
524 929 638 983 firmari
656 931 769 1000 poterit
785 949 837 982 usu
852 931 994 1000 loquendi
1013 931 1042 983 01
1060 929 1195 1000 exemplo
1214 947 1294 981 num.
1313 928 1400 998 plur.

189 1003 293 1056 Wuleb.
333 1003 555 1057 instituebantur
571 1004 621 1056 vel
641 1006 847 1056 instituebatur
871 1021 895 1056 c.
915 1005 978 1056 vat.
999 1005 1080 1058 3129.
1100 1003 1134 1053 in
1153 1019 1247 1076 marg.
1267 1031 1303 1040 —
1323 1009 1353 1054 01
1373 1019 1400 1052 zu

184 1081 368 1131 munimentis
386 1081 553 1139 0000011000,
573 1077 686 1141 castris,
715 1077 819 1146 quibua
838 1077 925 1129 miles
943 1093 1015 1146 prae
1034 1073 1172 1128 aviditate
1189 1074 1344 1149 pugnandi
1366 1073 1400 1124 vi

185 1151 318 1204 coerceri
342 1157 466 1219 poterat.
505 1147 556 1202 Sic
573 1153 750 1203 munimenta
774 1149 846 1202 Anu.
868 1154 918 1212 13,
938 1153 983 1205 36.
1003 1151 1057 1212 15,
1078 1149 1121 1201 15.
1153 1147 1216 1200 Liv.
1239 1151 1357 1212 30,16.
1395 1165 1400 1196 s

183 1227 355 1276 munitiones
374 1223 453 1276 Caes.
472 1221 497 1273 b.
518 1221 553 1274 G.
573 1225 606 1289 2,
626 1227 669 1279 33.
708 1223 885 1290 „Exercitus
903 1222 986 1276 Rom.
1007 1238 1067 1275 non
1085 1220 1273 1290 pernoctabat
1291 1220 1400 1272 alicuh

185 1312 279 1365 neque
298 1297 329 1348 in
349 1296 442 1348 aciem
461 1294 610 1364 prodibat,
630 1296 687 1348 nisi
706 1297 807 1349 castris
826 1295 929 1366 positis
949 1304 977 1348 01
996 1294 1200 1359 communitis,
1221 1293 1254 1344 in
1272 1309 1347 1361 quae
1367 1301 1400 1344 te

184 1375 230 1420 tus
249 1369 287 1421 iis
307 1376 379 1422 esset
396 1375 538 1438 receptus.
578 1368 621 1421 Cf.
639 1367 713 1421 Ann.
734 1373 766 1433 1,
785 1371 830 1425 63.
850 1371 947 1433 1,·17.
974 1367 1039 1419 niv.
1058 1371 1113 1432 44,
1132 1358 1189 1422 39.
1208 1367 1307 1439 Veget.
1329 1371 1365 1431 3,
1396 1371 1400 1418 i

184 1440 284 1512 Polyb.
303 1446 331 1507 3,
351 1444 394 1496 12.
414 1442 477 1496 13.”
498 1441 603 1494 Watct.
623 1440 705 1494 adh.
726 1443 746 1494 l.
767 1451 797 1495 et
815 1441 967 1493 Emendat.
987 1439 1053 1491 biv.
1073 1456 1101 1508 p.
1121 1441 1164 1494 23.
1184 1442 1369 1491 munimentis
1397 1455 1400 1484 ⁴

184 1513 250 1567 Urs.
273 1513 330 1566 MS.
355 1513 418 1566 Vat.
446 1517 527 1569 4498.
556 1521 585 1567 et
613 1515 645 1566 in
671 1533 762 1588 marg.
782 1515 844 1567 Vat.
865 1516 945 1570 3129.
976 1511 1054 1581 quod
1072 1513 1227 1566 restituere
1246 1510 1325 1563 Brot.
1346 1511 1400 1580 Bi]

184 1585 233 1640 Ob.
254 1585 305 1640 Dr.
326 1587 447 1655 aliique.
474 1590 592 1640 monitis
609 1587 671 1640 Vat.
686 1589 767 1645 3129.
788 1587 850 1640 edd.
869 1595 926 1640 vet.
947 1594 976 1638 et
995 1585 1136 1653 quaedam
1154 1601 1213 1638 rec.
1234 1591 1262 1636 et
1279 1590 1338 1636 suis
1357 1602 1400 1635 ms

181 1663 255 1713 uitis
273 1661 443 1714 coercendum
461 1659 618 1713 cMirand.
639 1679 675 1714 ex
695 1661 850 1730 interpret.
886 1662 962 1712 Nam
981 1663 1126 1711 0000011000
1145 1665 1188 1710 est
1206 1658 1245 1710 id.
1261 1658 1308 1727 qd.
1330 1673 1400 1710 coei

183 1732 325 1804 cendum,
346 1734 398 1802 qui
418 1733 549 1788 coerceri
567 1741 692 1802 poterat.
711 1753 740 1786 v.
759 1733 821 1786 lud.
841 1733 898 1788 111.
918 1751 946 1784 v.
974 1732 1132 1800 Partiripic
1158 1729 1246 1782 Praet.
1265 1749 1341 1800 pass.
1363 1751 1400 1784 m

181 1807 338 1860 Adiseticis
355 1812 386 1860 in
405 1807 455 1858 ilis
474 1810 643 1860 terminatis.
662 1835 699 1845 -
725 1809 845 1860 militem
864 1805 1031 1858 adhortatus
1049 1812 1143 1870 recte,
1174 1803 1295 1872 opinor,
1323 1821 1400 1873 τηε

181 1897 267 1933 suere
285 1879 424 1950 plerique
444 1877 569 1932 editores
588 1897 646 1932 rec.
685 1879 728 1932 Gi.
750 1880 813 1933 lnd.
834 1880 888 1935 111.
907 1897 934 1930 v.
966 1879 1125 1946 Participia
1150 1873 1239 1928 Hesi.
1261 1877 1400 1930 Verborua

180 1953 276 2022 depbn.
299 1951 450 2023 propert.
471 1951 561 2006 Praes.
598 1955 717 2006 militem
739 1952 827 2005 adbuc
854 1961 935 2005 ratus
954 1951 1016 2006 edd.
1036 1959 1092 2004 vet.
1113 1955 1180 2002 ante
1198 1949 1278 2002 Brot.
1299 1957 1327 2002 01
1347 1950 1400 2020 Bip

181 2025 259 2094 quod
286 2026 362 2078 male
387 2025 517 2078 defendit
542 2025 631 2078 Doed.
660 2025 780 2078 militem
807 2025 1003 2078 eccenclendum
1027 2025 1114 2077 adbuc
1148 2031 1229 2074 ratus
1251 2030 1284 2074 ut
1313 2023 1351 2074 H.
1388 2029 1400 2078 1

180 2101 224 2154 36.
246 2113 270 2150 c.
291 2099 357 2151 Urs.
379 2105 407 2150 et
426 2099 487 2149 Vat.
507 2101 587 2154 3129.
618 2098 681 2151 edd.
702 2099 780 2150 Brot.
807 2099 857 2151 Dr.
884 2097 971 2152 Beck.
998 2099 1083 2151 Hert.
1112 2095 1225 2147 Peerlk.
1263 2095 1400 2150 0011001001

180 2173 262 2230 dum,
287 2170 462 2223 incitandum
486 2170 604 2223 aliudve
632 2171 774 2228 excidisse
800 2171 919 2240 putabat
947 2173 1023 2240 Lips.
1061 2171 1181 2223 mititem
1207 2167 1400 2222 adhortatum

181 2245 255 2296 coni.
276 2243 368 2296 Gron.
389 2251 418 2296 et
436 2261 472 2296 m.
492 2243 581 2294 aditur
598 2243 763 2296 adhortatus
782 2244 866 2297 Grot.

250 2320 278 2372 3.
319 2317 437 2370 Octavus
455 2335 544 2370 onnus
563 2325 617 2369 est:
643 2324 778 2370 numeret
796 2316 830 2368 ab
849 2316 974 2368 introitu
992 2329 1043 2366 suo
1064 2315 1097 2365 in
1115 2313 1303 2384 provinciam
1322 2322 1352 2366 et
1373 2333 1400 2366 a,

180 2405 226 2441 res
245 2405 309 2442 suae
328 2397 424 2459 aptat,
444 2389 523 2460 Lipe.
560 2389 654 2456 „Erat
682 2389 800 2458 quidem
819 2397 909 2442 aestas
927 2387 1067 2457 septima,
1098 2405 1134 2440 ex
1162 2402 1219 2456 quo
1240 2386 1272 2436 in
1291 2385 1400 2438 Britan

179 2463 256 2524 niam
275 2470 398 2516 venerat
416 2462 563 2537 Agricola.
590 2481 616 2514 v.
636 2479 699 2532 cap.
719 2465 764 2517 28.
801 2461 839 2514 At
866 2477 955 2530 quuin
981 2476 1058 2512 anno
1082 2468 1149 2513 ante
1178 2475 1265 2526 quam
1292 2459 1400 2512 venire

177 2533 278 2588 fuisset
303 2535 406 2586 consul
433 2542 462 2588 et
489 2535 588 2588 statim
614 2543 680 2608 post
704 2533 885 2588 consulatum
903 2533 1073 2584 Britanniae
1091 2531 1286 2602 praepositus,
1308 2531 1345 2598 (0,
1366 2537 1399 2587 9.

177 2607 229 2659 hic
247 2609 367 2660 fortasse
387 2627 479 2660 annus
498 2616 664 2661 numeratus
684 2615 726 2662 est
745 2616 871 2661 octavus.
918 2609 1030 2674 Nempe
1049 2605 1151 2658 consul
1169 2603 1226 2654 fuit
1245 2611 1273 2657 et
1291 2603 1400 2656 Britan

178 2681 242 2733 niae
267 2681 450 2750 praepositus
466 2697 489 2734 a.
507 2680 542 2735 U.
555 2685 617 2737 830.
657 2681 701 2734 Ad
721 2688 850 2733 montem
870 2678 1043 2747 Grampium
1061 2677 1198 2747 pervenit
1218 2684 1247 2730 et
1265 2679 1400 2751 pugnari

176 2771 200 2805 a.
220 2754 255 2807 U.
275 2757 337 2809 837.
375 2753 507 2806 Fortasse
532 2761 631 2807 tamen
656 2755 798 2824 scriptum
817 2753 889 2806 olim
908 2755 1049 2822 septimus.
1070 2751 1187 2816 (Vll.)'’
1207 2750 1285 2802 Brot-
1322 2751 1400 2803 Iden

176 2826 397 2895 suspicabantur
424 2826 508 2879 Acid.
529 2827 609 2880 Aret.
630 2827 740 2880 etalii.
762 2857 795 2868 -
820 2828 957 2896 auspiciis
987 2827 1101 2894 imperii
1123 2824 1219 2882 Rom..
1244 2840 1300 2876 000
1325 2841 1400 2892 auspi

176 2903 260 2960 meis,
279 2901 346 2968 quia
367 2917 425 2954 non
444 2901 709 2968 Imperatorem,
736 2899 786 2951 sed
811 2900 873 2952 0100
892 2900 1023 2970 legatum
1051 2896 1127 2948 Vird-
1165 2896 1221 2950 Sed
1240 2913 1294 2950 nec
1311 2901 1400 2966 auspi

175 2973 426 3042 ctialmpemearta
447 2971 501 3025 0101
519 2975 617 3026 forsan
635 2970 691 3025 hoc
710 2979 772 3022 tum
791 2987 850 3024 non
869 2971 1067 3041 periculosum
1087 2971 1179 3022 fuerit
1199 2971 1315 3022 dicere:
1337 2989 1400 3022 nair

176 3045 361 3100 Domitianus
389 3044 569 3113 auspicatior
594 3045 627 3112 τῇ
654 3041 803 3113 κλινοπᾶλῃ
827 3061 915 3113 quam
942 3043 1037 3107 bello,
1065 3043 1147 3096 Gran.
1193 3042 1236 3096 Os.
1265 3041 1300 3093 ad
1326 3043 1396 3094 Ann

175 3121 282 3182 2,11,
303 3123 386 3172 1.-
404 3119 462 3188 fide
489 3125 570 3188 atque
589 3136 671 3187 opera
688 3126 798 3181 vestra,
826 3135 854 3170 v.
881 3117 916 3170 ad
941 3135 964 3170 c.
994 3121 1037 3171 19.
1065 3135 1093 3168 n.
1119 3118 1145 3170 2.
1167 3123 1195 3167 ct
1215 3115 1279 3167 Ind.
1300 3115 1354 3167 lll.
1375 3135 1398 3167 v

175 3191 378 3262 Hendiadyoin.
398 3221 435 3230 —
453 3209 536 3260 neque
554 3209 596 3243 me
615 3193 753 3250 militum,
772 3209 857 3260 neque
874 3209 921 3242 000
939 3190 1014 3243 ducis
1030 3192 1187 3258 poenituit,
1217 3205 1243 3241 v.
1264 3187 1299 3238 ad
1318 3188 1353 3240 H.
1374 3192 1400 3256 2,

175 3269 226 3324 19,
245 3269 271 3321 θ.
291 3293 327 3304 -
345 3263 422 3334 Ergo
441 3267 545 3335 egressi
563 3271 618 3316 cet.
655 3264 786 3328 ²‚Veteres
804 3267 894 3334 legati
913 3263 949 3332 (c.
970 3267 1006 3318 14
1023 3291 1059 3302 ·-
1078 3263 1135 3330 17.)
1161 3269 1190 3314 01
1204 3263 1313 3330 priores
1331 3281 1400 3313 erer-⁴

174 3341 248 3392 citus
267 3339 300 3389 in
318 3337 474 3389 Britannia
493 3337 692 3390 bellaverant:
712 3345 742 3390 at
759 3338 900 3413 Agricola
918 3337 1038 3405 eiusque
1058 3335 1218 3398 exercitus,
1238 3333 1290 3387 hos
1307 3341 1400 3386 termi.

174 3431 225 3466 nos
249 3416 366 3482 egressi,
391 3409 580 3464 Caledoniam
608 3409 775 3463 tenebant.''
799 3412 878 3464 Brot.
904 3437 941 3450 -
977 3429 1047 3462 inem
1071 3409 1248 3468 Britanniae,
1284 3409 1400 3462 ultimas

174 3486 236 3538 eius
255 3484 406 3558 regiones,
436 3503 490 3536 non
502 3482 590 3552 sama
610 3502 658 3536 ner
676 3501 783 3536 rumore
802 3483 838 3537 de
858 3483 939 3537 nobis
959 3483 1065 3543 dilato,
1089 3481 1137 3533 sed
1153 3485 1252 3536 castris
1269 3489 1296 3531 et
1314 3488 1400 3538 armis

173 3567 308 3617 tenemus,
328 3558 391 3627 ipso
410 3565 509 3610 nostro
530 3557 662 3609 exercitu
681 3555 888 3626 implevimus3
922 3557 985 3621 vel,
1012 3553 1089 3622 quod
1116 3554 1211 3606 voluit
1229 3554 1400 3606 Moellerus1

173 3649 260 3700 quem
280 3647 339 3684 non
357 3629 443 3682 fando
465 3629 631 3698 accepimus
650 3647 689 3682 sc.
710 3647 771 3682 0000
788 3629 878 3682 finem
897 3627 1080 3692 Britanniae,
1100 3626 1151 3679 sed
1169 3642 1256 3695 quem
1277 3625 1331 3695 ipsi
1354 3645 1400 3680 ar<

172 3710 226 3758 mis
244 3713 382 3764 tenemus3
401 3702 501 3755 Bloch.
540 3701 629 3754 Fama
648 3709 676 3754 01
694 3721 802 3754 rumore
820 3709 887 3754 sunt
905 3717 1007 3770 synon.
1033 3707 1068 3750 ut
1086 3705 1188 3752 0001νὶ0
1206 3707 1233 3751 01
1252 3704 1344 3752 armis.

243 3781 269 3832 1.
306 3777 423 3828 Inventa
447 3775 615 3833 Britannia,
638 3775 772 3850 cognita,
797 3783 859 3828 tota
883 3781 1053 3848 peragram
1082 3771 1154 3825 Ern.
1180 3801 1217 3812 -
1243 3791 1337 3842 saepe,
1367 3774 1400 3826 in

172 3849 235 3906 edd.
257 3856 314 3903 vet.
336 3849 489 3912 omissum,
515 3863 574 3900 00.
595 3847 657 3900 Vat.
678 3852 758 3906 3429.
788 3849 982 3900 restituerunt
1006 3844 1134 3899 editores
1152 3861 1211 3898 rec.
1251 3845 1343 3899 Iidem
1364 3865 1400 3900 ex

172 3922 601 3978 11101118000000000000001.
638 3923 779 3974 0000901.
799 3929 858 3974 tres
878 3925 906 3974 et
925 3919 990 3974 Riv.
1027 3935 1118 3971 eorem
1143 3918 1207 3971 Bar.
1229 3917 1319 3972 Rhen.
1338 3926 1400 3972 tres

171 4005 200 4050 et
220 4003 274 4049 cet.
295 4003 362 4048 ante
381 3995 458 4046 Brot.
479 4001 512 4045 ut
531 3993 605 4046 Ann.
625 3995 661 4060 2,
679 3997 723 4051 29.
744 3999 839 4060 3,11.
861 3993 896 4046 H.
916 3997 944 4055 4,
965 3995 1009 4049 72.
1030 3991 1108 4044 00ᾱο
1126 4007 1186 4044 000
1203 3992 1292 4060 plane
1311 4009 1400 4062 repu-

170 4069 328 4133 diandum
351 4066 511 4120 1701010-
528 4075 684 4138 montesque
711 4067 836 4120 malebat
860 4066 1019 4119 Barclaiue.

241 4145 267 4197 5.
309 4141 423 4209 Quando
442 4141 554 4193 dabitur
571 4140 677 4204 bostis,
701 4141 808 4208 quando
827 4142 921 4193 uetes?
949 4138 1011 4191 edd.
1033 4153 1091 4191 rec.
1113 4155 1148 4192 ex
1174 4135 1286 4190 emend.
1306 4136 1400 4192 Rhen.

169 4216 279 4286 quando
297 4219 409 4269 animus
427 4217 488 4267 Put.
508 4221 584 4276 tres,
613 4213 677 4268 1110.
697 4215 760 4268 Ber.
781 4212 872 4266 Rhen.
893 4217 917 4266 1.
937 4211 1020 4280 prob.
1040 4209 1163 4284 Selling.
1185 4209 1237 4278 qui
1256 4207 1326 4264 haec
1346 4231 1400 4264 an-

169 4289 292 4341 notavit:
329 4288 500 4356 „Sententia
526 4295 584 4340 est:
613 4287 730 4357 qeiando
756 4285 858 4339 licebit
882 4285 965 4339 nobis
997 4288 1067 4352 (quo
1097 4301 1182 4336 00000
1207 4283 1270 4334 dori
1287 4283 1400 4338 dicitur

168 4359 244 4413 Ano.
264 4363 297 4424 2,
320 4367 362 4417 13.
383 4363 426 4418 53.
447 4363 491 4416 58.
512 4365 544 4422 3,
565 4363 609 4416 67.
631 4365 658 4426 1,
677 4365 703 4417 6.
723 4364 768 4417 60.
788 4365 815 4424 6,
834 4363 860 4414 8.
882 4363 925 4414 19.
946 4361 997 4422 12,
1018 4361 1060 4410 11.
1081 4359 1125 4410 12.
1145 4360 1188 4412 23.
1210 4359 1255 4419 16,
1276 4361 1318 4412 16.
1337 4363 1400 4416 33.)

167 4431 280 4487 hostem
301 4437 438 4502 vincere,
465 4434 648 4508 profligare?
673 4435 789 4503 (pilando
816 4434 946 4486 animum
980 4430 1117 4498 explere,
1151 4429 1322 4484 ostendere?
1355 4431 1400 4482 Ad
