2756 4792
472 235 613 301 ctPtJ'r
633 234 741 302 XXX.
1159 237 1222 306 127

34 407 96 460 lero.
113 405 223 481 legisset
240 404 385 464 widone,
415 401 447 456 id
465 401 544 456 haud
562 401 648 456 dabie
666 407 836 456 annotasset.
873 400 998 456 Videtur
1020 403 1117 474 potius
1143 407 1219 467 retae

32 477 125 532 andum
142 479 174 532 ad
192 480 317 552 glossas,
346 475 449 545 quibus
467 483 578 530 scatent
595 473 672 530 MSS.
691 476 773 540 Vat,
802 481 831 528 et
850 471 1010 543 insertum,
1041 485 1075 528 ut
1093 479 1219 532 assiduae

31 556 202 604 aestuationes
220 552 313 604 dictae
332 550 411 614 sint,
431 548 674 618 quemadmodum
692 549 822 618 infinitus
840 547 918 600 later
936 557 965 602 et
981 549 1147 620 quotidiana
1165 570 1219 606 me·

30 623 113 676 italio.
146 623 207 676 Tali
235 639 306 676 vero
333 622 528 674 additamento
549 637 617 674 non
641 636 712 690 opus
736 627 778 674 est
804 619 840 673 ad
863 619 951 673 verba
976 626 1007 674 in
1026 627 1104 676 omni
1121 641 1218 695 genere

29 698 155 750 saltonem.
172 723 208 736 ··-
236 698 339 748 etiam:
358 696 460 748 Heum.
480 693 560 747 dedit
579 699 741 746 etiammmc.
761 721 797 732 —
814 697 1016 754 ‚continentum
1043 711 1217 750 commemo·

30 778 107 820 rantur
128 776 154 822 et
175 777 364 833 enarrantur3
398 765 503 820 Schola.
549 767 644 818 Immo
663 769 840 820 comitteretur
862 767 956 827 tetris.
990 769 1156 820 exstantia
1181 768 1216 824 iis

28 841 154 908 specimina
172 849 201 896 et
220 847 391 916 argumenta
418 841 528 910 infiniti
545 839 647 892 labaris
665 847 719 892 cet.
754 842 931 892 conlimatur
949 838 1012 893 edd.
1033 839 1123 894 than.
1142 845 1169 898 2.
1188 845 1213 897 3.

28 921 48 963 et
60 913 147 966 deinde
165 931 273 967 munes.
312 917 467 967 continetur
485 912 529 965 ed.
550 911 653 981 (Spir.)
671 913 733 964 Put.
753 909 843 964 llhen.
864 915 890 966 1.

25 1045 29 1054 ¹
77 988 99 1040 2
131 983 215 1042 Notus
233 995 276 1040 eet
293 989 372 1040 nobis
390 984 468 1040 MSS.
494 985 557 1037 Vat.
580 983 623 1038 ed.
651 989 696 1054 pr.
724 985 786 1038 Put.
812 983 876 1038 Ber.
903 981 993 1038 Rhen.
1015 989 1040 1038 1.
1065 984 1144 1038 Brot.
1165 986 1215 1040 Dr.

27 1055 57 1108 lls.
85 1057 135 1112 Sed
152 1066 232 1114 recte
249 1060 324 1113 volis
343 1058 434 1113 Rhen.
455 1061 482 1114 2.
501 1062 527 1113 3.
548 1063 577 1109 et
596 1055 648 1109 rel.
684 1057 753 1110 Non
772 1064 814 1110 est
831 1055 937 1120 moris,
971 1057 1050 1110 nolte
1068 1057 1167 1112 dicere
1185 1059 1216 1110 in

27 1127 62 1179 tali
77 1147 103 1182 re
121 1137 147 1184 et
164 1131 428 1195 dernonstratione;
455 1132 524 1184 Em.
561 1129 606 1180 lta
634 1129 720 1181 etiam
746 1133 839 1200 utique
858 1129 1002 1192 otiosum;
1035 1131 1081 1183 Or.
1103 1159 1133 1172 ·-
1168 1136 1217 1203 qui

24 1199 129 1255 iratus
146 1205 308 1259 ime-ridetur
325 1213 354 1258 ot
372 1205 405 1258 de
423 1206 509 1256 claris
526 1201 700 1261 oratoribus,
720 1201 849 1272 optimus
868 1201 958 1262 liber,
983 1201 1033 1270 qui
1052 1201 1147 1255 adhuc
1167 1222 1215 1257 ex·

25 1279 74 1336 stat;
89 1275 158 1329 Brot.
194 1276 238 1329 cf.
258 1275 293 1332 ad
312 1293 336 1330 c.
356 1279 400 1332 17.
421 1294 450 1328 ιι.
472 1280 553 1330 1.-
585 1277 615 1326 in
639 1278 718 1326 euius
743 1281 863 1326 extrema
884 1282 967 1342 parte
986 1291 1012 1326 c.
1032 1277 1160 1332 89-92.
1180 1305 1216 1316 -

25 1361 59 1394 ιιι
73 1350 156 1410 initia,
186 1367 250 1402 suos
275 1351 380 1420 gradus
400 1355 453 1401 cet.
482 1363 536 1418 pro
555 1365 620 1400 suae
638 1350 808 1417 eloquentiae
827 1349 914 1400 initia
931 1356 958 1399 et
974 1349 1081 1417 gradus
1099 1357 1127 1399 et
1144 1351 1216 1402 velut

24 1424 61 1466 trt-
89 1437 135 1472 aaa
152 1419 381 1489 intra-referre
400 1419 443 1472 ed.
462 1435 508 1489 pr.
527 1445 564 1459 -
598 1435 626 1471 ee
644 1419 721 1489 apud
739 1419 769 1485 (l.
789 1420 911 1472 Mucium
930 1419 1116 1485 Scaevolam,
1142 1419 1215 1472 iuris

23 1488 154 1550 peritorum
175 1491 458 1560 eloquentissimum,
494 1493 538 1544 ius
561 1493 640 1544 ciuile
667 1491 811 1552 didicisse,
843 1509 871 1542 v.
892 1491 953 1544 cic.
975 1490 1056 1543 Brut.
1077 1509 1102 1546 c.
1122 1496 1165 1548 39.
1186 1499 1216 1546 et

22 1557 52 1610 19.
82 1560 129 1612 llic
147 1563 258 1614 ltlucius
278 1577 397 1628 censor,
451 1569 509 1614 ont.
537 1579 612 1614 max.
634 1569 663 1614 et
682 1579 756 1615 cons.
777 1581 800 1615 a.
820 1563 855 1616 U.
876 1561 1014 1624 aestuis,
1050 1563 1164 1637 collega
1183 1564 1214 1618 h.

22 1627 101 1681 licinii
118 1631 210 1686 Crassi
229 1633 260 1685 in
279 1633 410 1687 omnibus
429 1578 572 1686 honorum
591 1632 728 1708 gradibus
753 1641 872 1703 praeter
898 1634 1076 1686 tribunatum
1097 1643 1126 1688 et
1145 1652 1215 1688 oen·

22 1717 108 1768 unm,
138 1705 300 1758 trucidatus
325 1707 392 1758 als.
412 1705 589 1776 Damasippo
607 1713 743 1774 praetore
762 1705 794 1756 in
814 1705 895 1758 curia
914 1705 1047 1759 Hostilia.
1086 1706 1129 1760 cf.
1151 1707 1212 1761 Cio.

21 1769 188 1836 101210.
220 1778 252 1828 in
271 1777 380 1830 caecil.
401 1777 629 1843 tantatos,
650 1781 693 1833 17.
713 1782 747 1844 9,
767 1780 811 1832 18.
839 1776 874 1832 de
886 1794 936 1830 ·or.
958 1783 990 1844 t,
1009 1782 1034 1833 3.
1060 1778 1096 1832 de
1117 1779 1165 1832 off.
1186 1783 1213 1846 1,

20 1846 91 1910 ill,
109 1851 150 1904 16.
168 1854 202 1912 3,
224 1853 267 1902 11.
288 1852 332 1904 15.
353 1849 390 1902 ed
407 1849 464 1902 div.
485 1854 520 1917 1,
539 1854 565 1906 9.
591 1849 627 1904 de
645 1851 680 1903 N.
701 1851 736 1906 P.
755 1854 789 1916 3,
809 1851 853 1906 32.
873 1850 976 1904 Vellei.
997 1852 1029 1916 2,
1047 1853 1092 1906 26.
1130 1853 1215 1906 Pater

20 1917 73 1984 eius,
104 1922 131 1974 Ρ.
155 1921 268 1974 Mucius
296 1921 450 1986 Scaevola,
483 1939 539 1976 cos.
559 1941 583 1975 a.
603 1926 685 1988 620,
717 1921 831 1994 primus
858 1922 991 1976 fundavit
1012 1923 1056 1976 ius
1076 1923 1165 1976 civile
1185 1929 1214 1978 et

18 1989 136 2045 scientiam
156 1994 221 2048 eius
240 1996 271 2046 in
289 1994 431 2047 familiam
450 1994 575 2046 Muciam
594 1994 705 2047 intulit.
731 2013 758 2048 v.
775 1994 848 2047 Ern.
869 1994 943 2048 clav.
965 1995 1023 2048 cic.
1060 1995 1107 2049 lus
1124 1999 1213 2058 civile,

19 2061 149 2132 piratam,
181 2067 261 2134 quod
290 2075 320 2120 et
342 2066 471 2120 naturali
500 2074 529 2120 et
546 2067 663 2136 publico
683 2067 842 2137 opponitur
861 2075 890 2121 et
918 2072 949 2121 in
972 2069 1097 2140 legibus,
1126 2070 1213 2130 SGtis,

18 2132 73 2186 vdes
94 2139 240 2199 iudicatis,
271 2141 343 2192 iuria
358 2145 522 2209 peritorum·
532 2144 715 2202 auctoritate,
749 2141 845 2193 edictis
863 2146 1100 2214 magistratuum,
1128 2160 1213 2204 more.

18 2211 125 2274 epactae
145 2212 291 2276 mactetis,
319 2211 378 2264 (lio.
398 2211 470 2282 Top.
490 2215 516 2267 5.
555 2212 599 2266 Cf.
624 2211 698 2264 Ern.
725 2212 800 2264 clav.
821 2212 1103 2269 oi0.v.etm·1u.-
1135 2215 1213 2270 Philo

17 2277 179 2345 leuatae,
214 2283 354 2354 princepe
373 2283 543 2340 Academiae
563 2291 698 2354 quartae,
733 2284 804 2354 qui,
833 2283 1028 2340 Mithridatico
1047 2288 1125 2341 bello
1145 2305 1211 2342 euru

17 2351 173 2418 optimatibus
193 2353 418 2409 Atheniensium
437 2357 522 2414 domo
546 2359 709 2431 profugus,
742 2356 860 2410 Romam
884 2360 976 2434 fugit,
1006 2359 1057 2412 ubi
1080 2360 1212 2430 philoso-

16 2419 86 2488 pilam
110 2427 213 2483 docuit
239 2425 491 2499 rhetoricamque‚
524 2438 552 2484 et
578 2429 683 2484 Cicero
709 2447 739 2484 se
766 2437 859 2482 totum
887 2430 914 2483 ei
940 2431 1070 2486 tradidit.
1094 2451 1120 2485 v.
1150 2433 1210 2487 Cic.

16 2489 71 2548 lut.
87 2501 129 2558 so.
163 2499 252 2554 aeae
273 2505 309 2567 1,
328 2504 354 2555 t.
374 2503 409 2566 s,
429 2506 455 2556 ι.
476 2505 503 2557 o.
538 2511 644 2572 quaese.
663 2501 747 2554 roso.
769 2505 802 2567 2,
822 2505 848 2556 3.
869 2507 910 2556 so.
930 2504 963 2562 ⁵.
982 2508 1027 2560 ³7.
1064 2503 1099 2558 ee
1119 2521 1161 2558 ο».
1174 2487 1210 2573 ¹3,

14 2567 43 2618 11.
64 2570 93 2623 ad
109 2573 169 2626 div.
190 2577 243 2640 13,
264 2579 289 2628 1.
327 2572 467 2626 Philonem
492 2573 710 2629 achademiam
735 2573 779 2626 ed.
802 2589 848 2642 pr.
867 2603 904 2614 -
935 2576 1072 2646 Diodotus
1096 2577 1212 2640 Stoicus,

14 2651 158 2720 putceptor
182 2645 335 2701 Ciceronis
361 2645 394 2698 in
420 2646 587 2712 dialectice,
626 2646 788 2723 geometria
818 2645 942 2715 aliisque
973 2649 1099 2714 artibus,
1131 2649 1211 2702 domi

14 2725 56 2764 trus
76 2725 206 2771 mortuus
230 2727 260 2772 et
286 2735 385 2771 caecus
410 2720 511 2772 hears.
541 2737 570 2772 v.
597 2718 657 2772 Cic.
686 2719 768 2770 Brut
788 2722 833 2773 90.
863 2719 974 2772 addiv.
994 2724 1072 2786 9,1
1094 2727 1144 2788 13,
1165 2726 1201 2778 16

12 2781 73 2838 leat
89 2792 123 2854 1,
140 2795 187 2847 30.
222 2791 308 2844 Tuae.
328 2793 360 2856 5,
379 2795 424 2848 39.
453 2791 489 2844 ad
506 2791 565 2845 tes.
584 2793 617 2858 2,
636 2793 682 2846 20.
718 2791 872 2844 Diodotum
895 2800 975 2846 reete
1000 2793 1064 2848 edd.
1090 2794 1155 2848 Ber.
1182 2803 1209 2850 et

13 2869 52 2938 ¹50-
82 2863 236 2917 Diodorum
254 2864 317 2917 edd.
339 2863 416 2933 Spir.
435 2865 497 2918 Put.
516 2863 581 2918 niv.
601 2862 692 2918 Rhea.
711 2871 787 2929 tres,
820 2863 886 2916 Ald.
915 2865 992 2936 Llps.
1022 2866 1053 2918 in
1082 2867 1144 2922 edd.
1163 2885 1208 2938 pr.

11 2925 61 2982 leth.
78 2933 159 2989 Bern.
181 2937 274 2990 Gron.
311 2937 424 2990 Nomen
443 2934 501 2990 hoc
519 2935 651 2990 librariis
670 2935 768 2989 notius
787 2953 873 3004 φιωιι
892 2936 969 2991 illud
987 2940 1052 2992 luit.
1066 2969 1102 2979 -
1120 2959 1211 2996 omues

12 2997 66 3054 llSS.
89 3007 149 3060 Vat.
171 3009 216 3062 ed.
238 3006 304 3062 sch.
325 3007 405 3064 sest.
425 3010 498 3063 Llin.
518 3008 570 3062 Dr.
590 3009 636 3063 Os.
656 3009 703 3063 Or.
741 3013 831 3062 omnis
859 3008 922 3062 edd.
952 3011 1005 3064 rel.
1044 3013 1108 3065 lloc
1132 3013 1209 3067 idem

11 3079 48 3136 ²⁵²3
71 3077 116 3132 sed
132 3080 325 3152 praeferenda
344 3081 493 3136 recentior
511 3082 655 3152 scriptura
674 3083 803 3136 tironum
823 3099 921 3148 causa,
952 3092 986 3135 ut
1004 3092 1153 3148 careatur,
1174 3103 1210 3140 ne

10 3143 32 3194 el
44 3145 82 3202 his
98 3153 247 3207 referatur
264 3151 299 3206 ad
315 3153 526 3222 philosophiae,
545 3154 623 3224 quod
642 3153 676 3208 ad
691 3163 790 3225 partes
808 3155 945 3224 pertinet.
962 3185 998 3197 -
1012 3161 1126 3226 penitae
1144 3157 1210 3212 lau.

11 3218 109 3280 ’111ον.
126 3225 164 3278 ael
183 3228 256 3304 Agr.
274 3229 299 3280 1.
320 3243 349 3278 n.
368 3229 394 3282 6.
415 3233 444 3280 et
462 3243 524 3298 cap.
544 3231 589 3284 10.
610 3245 638 3280 n.
657 3231 684 3282 1.
702 3255 739 3267 -
772 3227 908 3282 Achaiam
936 3247 1037 3300 qaoque
1062 3239 1089 3283 et
1111 3233 1210 3286 Asiam

9 3303 154 3364 wasme.
187 3317 216 3352 r.
243 3299 302 3353 cic.
331 3299 411 3352 Brut.
432 3315 458 3352 o.
477 3303 522 3356 91.
541 3327 579 3342 -
614 3317 671 3353 aaa
697 3303 882 3372 geometriae,
913 3319 969 3356 aaa
987 3307 1121 3368 musicae,
1154 3324 1209 3358 noa

67 3375 185 3426 metticae
203 3377 260 3426 cet.
288 3373 325 3425 at.
351 3388 377 3424 c.
396 3376 441 3428 31.
461 3381 533 3426 extr.
563 3379 593 3426 at
616 3373 697 3426 Nast.
717 3391 746 3444 p.
765 3373 938 3429 218-253.
974 3379 1154 3445 penuariae,
1179 3396 1208 3430 v.

49 3441 103 3496 nsit
124 3449 157 3511 1,
181 3449 237 3508 10,
256 3447 299 3500 19.
338 3450 472 3508 masmae,
499 3444 535 3500 de
554 3445 636 3498 cuius
655 3463 709 3500 usu
728 3446 761 3498 in
780 3445 946 3513 eloquentia
965 3455 994 3500 et
1012 3466 1124 3501 sumina
1144 3466 1210 3502 eru-

10 3503 94 3569 litione
110 3535 136 3568 v.
159 3515 282 3584 Quintil.
301 3520 334 3582 t,
355 3522 396 3574 10.
417 3515 479 3571 Gic.
498 3517 581 3570 Tusa.
602 3522 631 3584 t,
652 3519 679 3572 2.
708 3520 783 3587 Nep.
802 3519 894 3588 praef.
915 3525 943 3570 et
961 3519 1062 3589 Epem.
1085 3527 1108 3575 1.
1128 3523 1207 3576 Nast.

9 3593 28 3662 1;
41 3587 92 3641 252.
109 3591 174 3646 253.
216 3590 408 3642 Grammatico
425 3605 485 3644 non
503 3589 597 3644 solum
616 3597 697 3644 reete
724 3587 865 3658 loquendi
889 3589 1026 3658 seientia,
1060 3610 1132 3660 quae
1157 3611 1208 3646 cu·

9 3665 63 3710 hose
78 3668 105 3714 et
122 3662 288 3736 diligentes·
311 3661 475 3729 colebatur,
509 3662 558 3716 sed
586 3661 673 3716 etiam
699 3671 853 3732 poetarum
879 3670 907 3715 et
935 3663 1108 3734 scriptorum
1134 3668 1209 3720 anti·

9 3729 119 3790 telorum
139 3735 292 3789 enarratio
315 3751 381 3787 cum
409 3733 488 3788 omni
516 3735 710 3788 instrumento
737 3735 858 3800 criticos
885 3733 988 3788 Sedala.
1028 3737 1072 3791 Gi.
1092 3738 1153 3794 Gio.
1173 3739 1208 3794 de

9 3807 137 3868 or.1‚tz,
171 3813 202 3862 et
220 3805 343 3873 Quintil.
364 3811 397 3873 1,
417 3811 448 3868 1,
468 3809 494 3862 5.
532 3809 718 3862 Grammatici
739 3809 822 3862 fuere
847 3807 934 3874 olim,
969 3809 1020 3878 qui
1045 3827 1123 3866 nuno
1143 3813 1209 3866 Pro-

9 3865 95 3956 lem
112 3887 142 3934 ee
161 3881 300 3952 uagam
317 3885 420 3934 seeum
438 3881 594 3934 ellassam
612 3881 805 3951 appellantur.
826 3897 854 3934 v.
874 3881 966 3951 nspp.
985 3882 1099 3939 eacan.
1118 3889 1161 3941 55.
1173 3915 1208 3926 -

9 3957 115 4013 maeatae
131 3957 224 4013 artie,
242 3971 269 4005 v.
290 3951 325 4005 ad
343 3952 413 4028 Agr.
433 3957 460 4008 1.
478 3971 507 4006 n.
526 3957 553 4010 1.

58 4027 81 4078 3.
114 4025 168 4081 Ille
187 4027 346 4080 dialecticae
364 4025 566 4086 subtilitatem,
585 4027 829 4098 ille-cognocite
848 4021 962 4082 veteres
981 4029 1058 4082 enim
1078 4035 1136 4084 tres
1154 4044 1207 4099 po·

9 4089 123 4150 lluliarum
143 4095 352 4172 philosophiae
372 4107 469 4170 partes
488 4099 664 4162 statuebant,
694 4101 853 4162 rnoralem,
881 4101 1043 4156 naturalem
1067 4101 1109 4166 (h.
1129 4101 1149 4154 1.
1168 4119 1208 4153 re-

9 4175 56 4216 rm
69 4179 155 4227 motus
176 4169 339 4242 musaeque)
360 4180 388 4225 ct
407 4173 580 4226 rationalem
599 4190 620 4226 s.
641 4169 841 4228 dialecticam:
861 4171 898 4241 (v.
918 4173 985 4228 San.
1006 4191 1050 4245 ep.
1061 4176 1121 4236 69.)
1139 4190 1206 4244 pars

9 4249 60 4290 'tlt
73 4247 195 4300 moralis
212 4244 370 4316 praecipue
389 4247 541 4299 utilitatem
560 4243 681 4297 huroani
700 4245 817 4320 generis
836 4261 1011 4314 morumque
1029 4245 1206 4300 emendatio·

9 4323 56 4362 “⁹¹¹¹
81 4325 206 4388 spectat,
242 4315 319 4370 unde
346 4319 433 4371 etiam
461 4317 591 4371 Socrates
613 4317 688 4379 hanc
715 4319 745 4370 in
771 4317 876 4387 primis
904 4317 1039 4384 docebat,
1072 4319 1206 4393 neglecta

9 4381 116 4446 Priorem
135 4389 386 4462 philosophorum
406 4389 582 4456 subtilitates
604 4391 708 4445 Satala.
747 4389 822 4444 llaec
836 4407 905 4462 para
924 4391 1134 4454 dialectica,
1152 4395 1206 4446 aloe
