2770 4792
184 161 248 281 220
614 209 864 275 AGRIGOLAE
887 205 999 270 VITA

184 381 264 436 3119.
293 376 371 447 quod
399 375 561 430 correctori
589 373 693 428 tribuit
715 372 833 430 Walch.
871 373 970 444 Σχῆμα
997 370 1218 445 edomationem,
1248 374 1347 443 &bref
1365 396 1379 426 u

185 453 237 506 vit.
256 449 343 522 Sopb.
363 465 392 520 p.
412 447 497 502 XXV.
517 477 553 488 -
570 447 752 502 vehementius
777 463 860 518 qnam
886 453 979 504 eme,
1007 443 1195 500 vehementer
1220 448 1347 516 quidem,
1371 461 1379 500 e

184 541 288 596 parum
306 529 395 574 caute.
434 519 505 586 „Sic
529 523 622 592 magia
648 519 778 573 aedano
800 535 884 590 queem
901 525 997 588 parate
1017 517 1077 572 cic.
1096 519 1177 572 Brut.
1197 523 1242 576 68.
1276 523 1379 588 penitet

185 601 229 650 tie
246 603 307 648 erut
324 596 461 648 minacior
477 611 559 664 quem
573 597 749 664 perniciem,
769 591 868 645 (lemn.
888 591 932 643 die
950 591 1012 644 Post
1028 607 1089 642 eaor
1104 609 1181 644 necor
1197 591 1322 658 dodini,
1341 593 1379 650 ebt

185 667 264 722 nicbt
287 665 470 728 aerderbiieb3
497 666 547 718 sed
567 667 731 734 pestilentia
754 672 815 716 erat
838 667 978 732 minacior
995 681 1077 733 quarn
1094 669 1277 732 perniciosior
1295 667 1379 734 hini

184 745 227 797 52.
247 741 292 792 die
312 739 372 791 Pest
389 755 450 790 eoar
466 736 588 791 &oberei
602 755 708 808 gemeg,
736 737 801 788 nber
817 738 939 808 weniger
956 735 1136 797 verderblieb,
1155 738 1247 790 echion
1265 738 1333 790 noch
1349 735 1379 800 eei

183 811 330 866 derilicber
357 825 389 862 zu
413 809 533 870 werden,
560 817 593 862 ut
617 809 725 863 osidius
751 825 832 880 quom
856 811 1011 861 consultius
1025 811 1210 878 properabat,
1236 809 1303 864 Tac.
1323 803 1379 876 lli

184 889 227 942 21.
247 879 437 955 dioretuitepoc
453 877 535 946 δόξας
552 879 570 948 ἣ
588 880 749 954 ἀδικώτερος
766 879 858 934 Thnc.
879 885 912 944 3,
933 883 977 935 12.
998 883 1104 945 αἲσχιοο
1121 879 1139 948 ἢ
1158 879 1270 938 κάλλιον
1287 883 1379 950 Dionp

185 956 387 1023 1111.1,58.”
415 953 578 1008 timebam.
599 952 697 1007 Gram.
716 969 746 1023 p.
765 957 826 1009 369.
846 957 908 1008 319.
947 953 989 1006 (11.
1020 953 1057 1006 ad
1080 953 1116 1007 G.
1137 958 1181 1010 32.
1201 973 1228 1008 n.
1249 958 1274 1008 1.
1296 963 1324 1007 et
1340 951 1379 1006 ini

185 1031 237 1084 111.
257 1047 284 1082 r.
307 1029 532 1094 Comparationis
550 1043 616 1079 usus
634 1027 780 1096 modusque
798 1029 824 1081 2.
845 1045 872 1078 οι.
1378 1049 1379 1064 ¹

254 1104 281 1158 8.
319 1099 398 1161 Mos,
419 1105 484 1170 post
509 1099 632 1168 primam
652 1099 825 1162 iuvenem,
853 1101 997 1168 mitigavit
1020 1115 1086 1152 eum
1107 1099 1224 1166 eiusque
1243 1099 1379 1168 appetitus

106 1225 110 1231 ,
185 1178 258 1227 ratio
281 1179 309 1224 et
332 1180 410 1224 aetas
435 1171 546 1235 adulta,
577 1179 610 1222 ut
628 1189 672 1240 ap.
701 1171 760 1224 Gis.
790 1169 839 1222 off.
860 1175 895 1235 1,
915 1171 958 1226 28.
979 1175 1022 1226 29.
1043 1174 1086 1226 39.
1124 1167 1262 1239 effectum,
1280 1181 1312 1222 nt
1330 1173 1379 1222 rati

181 1253 327 1317 praesecet,
345 1247 488 1315 appetitus
506 1245 706 1314 obtemperaret
725 1251 754 1296 et
770 1247 910 1311 appetitus
927 1244 1135 1311 obtemperaret,
1153 1244 1272 1296 obediret
1288 1247 1379 1302 rationi

185 1317 343 1384 „Absolute
360 1317 488 1386 positism
506 1319 665 1388 mitigavit,
688 1321 720 1368 ut
739 1314 812 1367 Anu.
832 1318 869 1380 1,
890 1318 931 1370 71.
953 1323 980 1369 et
999 1315 1029 1368 Ο.
1051 1319 1114 1369 11.”
1136 1315 1239 1368 Waleb.
1277 1317 1320 1369 et.
1342 1309 1379 1370 ini

185 1391 238 1446 111.
260 1409 286 1444 r.
326 1389 412 1442 Verba
435 1389 559 1442 οόοοὶιιΐι
579 1392 684 1458 posita.
703 1415 739 1428 -
775 1387 882 1448 „Ratio
910 1395 952 1440 est
978 1403 1034 1440 vox
1052 1385 1206 1459 πολύσημος
1224 1405 1268 1458 ap.
1289 1383 1379 1442 Taei

184 1464 245 1518 cio.
269 1461 320 1514 lii
345 1459 519 1530 respondent
544 1460 734 1514 Germanicae
769 1461 799 1522 t)
827 1459 977 1531 Reebnung
1002 1465 1038 1525 1,
1057 1464 1084 1516 6.
1109 1464 1206 1525 6,16.
1244 1463 1273 1524 2)
1292 1460 1379 1511 Reebei

183 1533 278 1604 sebast
294 1535 329 1586 H.
348 1538 380 1600 1,
401 1537 444 1587 11.
480 1533 511 1602 3)
529 1533 792 1604 Beeoegangsgrund
806 1535 841 1598 6,
860 1535 904 1589 26.
924 1533 958 1584 ll.
979 1537 1015 1598 3,
1034 1537 1078 1588 82.
1116 1533 1146 1602 1)
1165 1533 1379 1586 Aueeinandersn

184 1603 802 1750 11111.11111111111111
820 1603 1041 1740 istest·
1054 1611 1094 1730 i?
1109 1609 1157 1734 ii:
1172 1603 1379 1753 titio*

184 1753 258 1807 Vell.
280 1753 407 1817 1‚o.2‚
429 1755 489 1806 121.
526 1751 556 1818 7)
574 1751 728 1816 Reflerion,
756 1750 994 1820 Argumentation
1017 1749 1053 1802 11.
1073 1749 1109 1814 2,
1128 1752 1172 1805 26.
1209 1751 1239 1818 8)
1261 1749 1379 1802 Verbaiti

183 1843 210 1876 u.
228 1823 496 1894 vernunstgemeieees
517 1821 669 1889 Versabren
688 1827 738 1887 11,
759 1825 801 1874 11.
821 1823 874 1886 15,
894 1824 939 1876 62.
976 1821 1007 1890 9)
1034 1821 1207 1876 Vertiientss
1226 1825 1276 1887 13,
1297 1826 1340 1876 11.
1359 1821 1379 1886 5)

177 1888 219 1950 ’11.
239 1897 283 1949 22.
321 1895 392 1947 Inde
417 1893 466 1946 dae
492 1894 581 1946 resiste
607 1891 781 1944 Verbiiitniee
805 1895 864 1946 und
888 1891 967 1944 Mune
986 1909 1030 1962 ap.
1051 1893 1124 1945 elin.
1143 1896 1198 1960 28,
1228 1897 1270 1948 11.
1296 1894 1379 1961 sris-at

183 1985 243 2020 enm
262 1971 386 2019 ratione.-
412 1964 550 2019 vehemens
577 1968 649 2018 enim
666 1963 789 2032 fricatio
806 1967 920 2031 spissat.
959 1963 1006 2032 to)
1028 1963 1177 2019 Umttet'nde
1196 1966 1231 2019 G.
1252 1967 1298 2021 63⁹
1317 1968 1379 2032 Boot

183 2041 213 2092 in
231 2041 300 2092 Lex.
319 2038 387 2090 Tac.
406 2065 442 2078 -
460 2043 641 2109 retinuitque,
665 2035 739 2108 quod
755 2043 795 2088 est
812 2031 1027 2102 difficillimum,
1051 2056 1082 2090 ee
1100 2042 1245 2108 sapientia
1264 2042 1306 2104 (v.
1326 2035 1379 2090 adi

181 2116 209 2167 2.
229 2129 258 2164 n.
278 2111 317 2177 3.)
336 2109 460 2172 niodum,
478 2109 743 2176 „moderationems
762 2107 945 2180 Mdaeigeng:
963 2127 1030 2161 nam
1049 2127 1165 2165 servare
1183 2111 1302 2163 modum
1323 2112 1379 2178 doci

182 2191 211 2238 et
230 2183 324 2253 praeit
342 2181 503 2252 Sapientia3
531 2183 587 2236 nisi
605 2183 663 2256 leg.
683 2189 710 2232 et
729 2185 884 2250 sapientiae
901 2181 1028 2234 modam:
1053 2182 1170 2237 difficile
1197 2183 1294 2250 enim,
1316 2181 1379 2238 cuni

183 2257 235 2308 bus
254 2253 357 2307 studiis
375 2262 556 2326 temperare,
586 2255 636 2308 sed
661 2251 731 2305 buic
756 2251 885 2320 utique.”
914 2255 991 2324 Lips.
1028 2256 1091 2308 Hoc
1109 2255 1266 2326 probabant
1286 2257 1379 2322 Emi

184 2328 236 2381 alii
255 2327 324 2380 coll.
345 2325 405 2380 cio.
426 2327 545 2393 Tusci,
557 2332 581 2380 1.
600 2335 629 2379 et
646 2326 695 2378 lin.
705 2329 731 2391 1,
751 2331 777 2380 1.
815 2325 1051 2381 Dronkiuahaec
1069 2329 1160 2382 refert
1177 2327 1213 2380 ad
1232 2345 1346 2382 auream
1365 2325 1379 2380 il

183 2401 242 2452 laen
261 2398 489 2454 mediocritatem
507 2401 613 2474 (μέτρον
630 2396 794 2472 eipeoeor)in
813 2397 945 2452 omnibus
964 2400 1039 2453 vitae
1057 2399 1270 2453 conditionibus
1290 2411 1379 2453 servet

183 2473 264 2538 darn,
284 2471 319 2525 de
338 2471 395 2540 eiua
420 2489 448 2525 r.
469 2473 567 2525 Horat.
588 2471 847 2539 od.2‚1o,1sq.
876 2478 905 2524 et
923 2470 981 2525 Sat.
1002 2476 1032 2537 1,
1053 2476 1087 2540 1,
1107 2477 1168 2529 too.
1190 2476 1251 2527 167.
1289 2471 1379 2538 „imni

183 2551 295 2598 veteres
314 2543 486 2614 philosophi
504 2543 661 2610 docebant,
681 2543 792 2596 nullam
812 2559 874 2596 rem
893 2561 994 2614 perse
1013 2544 1115 2598 bonnm
1135 2561 1209 2610 esse,
1229 2545 1286 2598 nisi
1307 2543 1379 2616 ‹ppin

182 2637 225 2681 σις
244 2635 324 2683 eam,
352 2624 385 2669 ut
406 2617 518 2683 omnia,
544 2625 647 2704 regat,
670 2623 700 2670 et
718 2616 859 2670 virtutem
878 2616 909 2668 in
927 2615 1050 2670 vitandis
1069 2617 1204 2672 extremis
1222 2618 1379 2686 positamt

184 2691 255 2744 ilat.
276 2691 349 2744 Men.
375 2707 404 2759 p.
423 2693 467 2744 88.
488 2687 514 2744 b.
539 2689 658 2744 Arestot.
686 2687 785 2741 Ethio.
809 2687 846 2741 td
864 2689 931 2756 Nic,
949 2691 981 2755 2,
1000 2692 1027 2744 5.
1049 2695 1078 2742 et
1095 2689 1196 2742 Horat.
1217 2690 1302 2760 epist.
1324 2693 1379 2762 ¹’i

184 2767 227 2818 15.
247 2766 291 2818 16.
329 2759 386 2814 111ο
404 2763 561 2832 culpantur
580 2761 697 2816 Catonis
715 2761 869 2826 Uticensis,
888 2759 1046 2826 Thraseae,
1065 2761 1208 2828 Helvidii,
1227 2761 1379 2818 Senecioni

185 2835 308 2888 Aruleni
336 2834 519 2902 aliorumque
544 2833 710 2888 Stoicorum
734 2837 924 2895 contumacia,
949 2837 1046 2888 inanis
1070 2827 1209 2887 libertatis
1237 2838 1379 2890 iactatioi

66 2899 71 2910 '
183 2909 287 2960 illicito
306 2905 383 2958 dicta
400 2907 550 2974 iactaque,
581 2907 635 2960 etsi
654 2921 713 2958 non
731 2903 826 2958 desint
843 2905 895 2974 qui
914 2923 947 2959 ea
971 2912 1126 2973 mirentur,
1152 2907 1192 2975 (v.
1213 2901 1379 2978 111ο66,11

184 2983 227 3035 13.
248 2976 305 3046 15.)
323 2976 477 3029 laudantur
496 2985 596 3030 contra
613 2979 785 3049 obsequium,
803 2979 938 3032 modestia
957 2988 987 3032 et
1004 2983 1144 3047 sapientia
1164 2995 1274 3044 eorum,
1296 2980 1344 3048 qui
1362 2983 1379 3050 ‘i

182 3059 227 3104 ter
243 3052 392 3118 abruptam
410 3055 614 3102 contumaciam
637 3058 666 3102 et
682 3047 802 3117 deforme
819 3051 974 3122 obsequium
992 3053 1041 3106 sub
1059 3055 1143 3106 melis
1162 3051 1335 3121 Principibus
1344 3053 1379 3120 pei

222 3131 256 3176 nt
282 3127 337 3176 iter
362 3123 516 3175 molitione
544 3141 578 3175 ue
598 3125 729 3192 periculis
753 3139 876 3179 uacuum.
914 3127 959 3178 Ita
978 3142 1002 3176 c.
1022 3126 1066 3179 12.
1086 3133 1114 3178 et
1131 3124 1204 3176 Ann.
1223 3127 1256 3189 1,
1275 3128 1321 3180 211.
1358 3123 1379 3194 Q

178 3141 249 3250 gin.
272 3211 315 3265 cp.
336 3197 379 3249 11.
399 3193 435 3248 de
455 3194 563 3249 Getone
581 3203 610 3248 et
629 3194 752 3248 Martial.
779 3200 813 3260 1,
831 3201 850 3252 9
857 3233 865 3262 ,
882 3201 901 3252 1
911 3215 952 3266 sq.
990 3197 1120 3266 Optimus
1137 3195 1168 3249 h.
1188 3197 1208 3249 1.
1228 3201 1379 3260 cosnmentt

182 3269 244 3322 rius
263 3275 319 3332 est,
339 3265 417 3335 quod
435 3265 510 3320 dixit
527 3267 664 3322 Callicles
683 3269 713 3320 in
732 3267 803 3322 Plnt.
825 3269 916 3345 Gorg.
935 3287 964 3340 p.
984 3271 1046 3324 181.
1067 3287 1090 3322 ο.
1119 3271 1274 3340 Φιλοσοφία
1291 3267 1344 3342 γάρ
1361 3275 1379 3342 τ)

181 3343 252 3397 iotis
270 3336 381 3411 χάριεν,
399 3335 439 3405 tie
450 3361 490 3404 τις
510 3339 594 3396 aiecii
610 3344 721 3414 μετρίως
738 3340 841 3413 ἅψηται
858 3343 886 3396 ἐν
903 3343 935 3412 τῇ
952 3341 1061 3408 ἡλικίᾳ·
1080 3339 1127 3396 io'r
1144 3342 1174 3396 di
1193 3361 1226 3396 ne
1244 3345 1340 3415 arripe
1371 3343 1379 3410 i

182 3415 289 3478 δέοντος
306 3412 475 3484 indeemupp,
493 3413 639 3490 διαφθορὰ
656 3415 708 3470 coir
722 3411 878 3487 ἀνθρώπων
896 3418 970 3468 cet.''
1000 3413 1107 3468 Wnlcb.
1145 3413 1188 3467 cf.
1208 3361 1244 3466 ad
1263 3431 1289 3466 c.
1310 3417 1352 3468 17.
1373 3423 1379 3468 1

182 3491 209 3542 1.
228 3503 290 3558 cap.
308 3486 352 3540 12.
372 3487 446 3611 nbi.
466 3493 495 3540 et
513 3487 549 3542 ad
567 3488 599 3546 0.
618 3491 662 3546 31.
683 3505 712 3541 n.
730 3488 756 3544 5.
774 3495 845 3542 extr.
883 3488 1030 3549 Licentia,
1048 3503 1133 3560 qnam
1149 3488 1234 3540 stulti·
1250 3487 1379 3542 liberti

182 3568 249 3614 tem
266 3565 368 3614 mm
411 3595 419 3611 e
437 3563 480 3615 w·
808 3587 811 3598 ¹
1378 3569 1379 3606 i

663 3722 858 3780 CAPUT
893 3726 926 3778 V.

264 3851 376 3914 Prima
404 3861 590 3916 castrorum
617 3853 805 3930 rudimenta
825 3855 860 3916 in
881 3854 1055 3917 Britannia
1074 3850 1234 3916 Suetonio
1255 3849 1379 4000 Paulin1

182 3935 332 4028 diligenti
353 3955 392 3997 ac
411 3935 582 4000 moderato
603 3935 692 4011 duci,
713 3939 921 4022 approbarit,
943 3940 1065 4000 electus
1076 3983 1087 4018 ‚
1108 3957 1207 4019 quem
1229 3937 1373 3999 contnbc

182 4023 239 4084 uio
260 4021 457 4084 aestimaret
501 4019 572 4082 Nec
593 4019 747 4108 Agricola
767 4023 922 4102 licenter,
943 4040 1037 4085 more
1057 4023 1234 4090 iuvenum,
1263 4023 1325 4103 qui
1347 4007 1379 4090 ni

182 4106 288 4167 titiam
315 4105 351 4166 in
379 4105 548 4167 lasciviam
577 4114 734 4184 vertunt,
767 4125 875 4188 neque
905 4107 1053 4192 segniter
1078 4101 1121 4165 ad
1152 4103 1343 4188 voluptates
1375 4107 1379 4176 i

84 4227 86 4232 .
182 4196 383 4252 commeatus
410 4188 545 4249 titulum
573 4189 763 4252 tribunatus
790 4198 885 4250 et-
905 4189 1071 4250 inscitiam
1092 4187 1231 4264 retulit,
1260 4187 1320 4249 sed
1350 4179 1379 4262 ni

183 4291 274 4334 scere
295 4273 519 4356 provinciam,
540 4275 632 4335 nosci
653 4273 834 4350 exercitui,
857 4271 985 4336 discere
1005 4293 1024 4336 a
1046 4273 1179 4354 peritis,
1203 4274 1298 4353 sequi
1321 4269 1379 4356 opi

184 4373 273 4432 mos,
306 4355 390 4418 nihii
413 4362 575 4456 appetere,
590 4359 626 4417 in
645 4357 874 4434 iactationem,
905 4357 986 4420 nihii
1016 4356 1059 4418 ub
1080 4353 1291 4418 formidinem
1314 4361 1379 4418 rect
