2864 4794
170 202 230 266 131
388 293 391 304 Ι
520 201 696 265 LIBELLI
723 200 782 264 DE
803 197 1039 262 GERMANIA

168 383 233 428 nos,
264 365 382 438 siquod
396 365 503 420 artata
526 370 685 436 patiantur.
716 365 802 422 ,ilinc
829 364 918 420 verba
944 345 1143 418 Germanorum
1172 367 1306 426 natione,
1333 363 1428 416 tan-³

169 456 254 509 quam
271 439 367 492 textui
384 439 482 508 potius
501 441 616 494 aliunde
635 439 769 505 obtrusa,
803 455 892 507 quam
921 445 1075 507 corrupta,
1108 437 1225 490 uncinis
1250 437 1428 490 inclusere*

168 513 241 565 Pasa.
261 513 340 566 Hass.
365 519 396 568 et
419 510 570 568 thiersch.
618 514 749 568 Incertus
774 512 875 564 saltem
901 509 989 564 fuisse
1014 510 1133 563 videtur
1156 509 1289 576 Tacitus,
1323 507 1406 577 quid

168 601 271 638 verum
289 585 336 638 sit.
356 583 399 638 cf.
419 583 553 640 Lesitsclr.
573 602 601 656 p.
621 589 684 641 330.
722 583 783 636 ΑΙίἰ
800 590 922 654 putant,
953 582 983 636 h.
1009 583 1029 637 1.
1044 582 1237 636 ,domicilium
1257 582 1405 650 sedesque
1427 589 1428 618 l

168 663 197 710 et
224 660 447 730 1135101111
472 665 501 712 et
527 658 673 733 originem
700 656 822 726 respici,
849 673 903 710 nec
928 655 1008 708 aliud
1036 655 1154 724 quaeri,
1180 673 1266 724 quam
1292 663 1405 706 utrum
1427 663 1428 693 t

168 728 214 782 Osi
233 736 262 782 et
279 729 412 784 Aravisci
432 729 468 782 ad
485 729 632 785 sinistram
645 729 770 782 Danubii
789 729 894 798 ripam,
914 727 946 780 in
958 727 1122 794 Germania,
1143 729 1181 780 an‘
1198 727 1234 780 ad
1253 727 1406 788 dextram,
1427 739 1428 766 t

167 801 198 852 in
216 803 381 868 Pannonia,
409 799 612 856 habitaverint.
651 802 772 856 Osorum
798 801 944 876 originem
968 801 1003 854 ab
1031 802 1134 856 Orestia
1159 801 1190 852 in
1209 799 1324 854 Perside
1348 816 1428 850 rem

166 873 242 942 petit
264 873 362 928 Ritter
386 873 418 925 in
440 877 550 928 Pmnao
576 893 605 946 p.
624 879 686 930 303.
715 873 749 927 ab
777 875 840 928 Osis
863 873 900 926 ad
924 873 1001 942 ripas
1028 874 1095 928 ludi
1120 891 1165 942 ap.
1193 873 1266 924 Plin.
1287 876 1320 938 6,
1347 874 1404 926 23.
1427 887 1428 916 t

167 945 319 1020 Sprengel.
358 946 490 1001 Fortasse
508 947 639 1017 protensi
657 946 790 1000 Silesiam
807 963 917 1015 usquc,
945 946 996 998 ubi
1027 947 1112 1000 Ossan
1131 945 1164 996 in
1182 945 1296 997 Ducatu
1316 944 1406 998 0151-
1427 961 1428 992 t

166 1019 264 1083 nansi,
281 1019 363 1072 locus
381 1019 479 1073 salinis
499 1028 527 1074 et
546 1029 608 1074 arte
622 1019 747 1072 'vitraria
774 1019 897 1082 nobilis3
924 1019 1000 1070 Brut.
1021 1019 1170 1072 10011-
1198 1037 1235 1070 aa
1262 1017 1318 1068 Boi·
1336 1016 1405 1070 MS.

166 1090 258 1165 Long.
279 1098 309 1144 et
327 1092 371 1146 ed.
391 1093 464 1146 Nor.
497 1113 515 1145 α
534 1093 668 1146 110ίί1-
686 1111 723 1144 aa
745 1091 796 1144 Osi
810 1092 873 1144 Vat.
893 1094 974 1148 1198.
1005 1110 1023 1144 α
1041 1091 1117 1144 Boiis
1135 1119 1172 1130 -
1191 1109 1229 1144 aa
1251 1088 1316 1142 Osci
1331 1091 1405 1140 Vat.

166 1166 245 1217 1518.
265 1183 283 1216 a
300 1163 379 1218 Boiis
396 1191 434 1203 —
451 1183 489 1218 an
506 1166 571 1218 Boii
587 1166 651 1218 vat.
672 1165 749 1220 1862.
769 1166 850 1220 2961.
889 1163 936 1216 sic
955 1171 984 1218 et
1002 1163 1059 1216 MS.
1078 1165 1197 1216 Humm.
1217 1161 1268 1214 sed
1285 1180 1323 1214 an
1338 1163 1409 1224 ,Boi
1427 1173 1428 1214 l

165 1237 1162 1380 l..¹²⁰.t¹;t·,.t1.⁸⁰:;t.·s.tt.Mittitsslttatl.iolla
1175 1235 1301 1362 rga...
1339 1233 1407 1290 5θά

238 1385 282 1436 10.
314 1385 463 1452 ,utriusque
488 1387 567 1452 ripae
593 1399 632 1434 sc.
652 1381 763 1446 Rheni,
797 1398 870 1450 quae
898 1381 929 1432 in
961 1381 1019 1435 hoc
1047 1398 1107 1451 cap.
1134 1381 1176 1432 bis
1201 1385 1405 1442 memoratur,
1427 1407 1428 1432 1

166 1449 255 1523 Long.
276 1461 305 1506 et
323 1454 384 1508 alii.
418 1455 461 1509 Cf.
482 1455 518 1508 ad
537 1471 599 1524 cap.
621 1457 663 1508 17.
690 1472 718 1507 u.
739 1457 765 1508 1.
804 1453 861 1508 Sed
888 1454 1002 1523 saepius
1021 1453 1202 1506 indefinitam
1221 1451 1331 1504 hancce
1350 1451 1405 1502 di-
1427 1463 1428 1466 ’

167 1524 293 1596 ctionem
311 1543 327 1577 a
346 1527 447 1580 Tacito
466 1527 604 1596 usurpari
623 1527 657 1580 de
673 1526 791 1591 Rheno,
825 1526 883 1578 hoc
911 1533 1007 1579 autem
1031 1527 1098 1580 loco
1127 1525 1205 1594 ripas
1224 1524 1320 1594 potius
1339 1523 1407 1576 Da-

165 1597 247 1649 nubii
265 1597 437 1672 significari,
459 1599 537 1652 etin
557 1598 672 1650 sinistra
692 1617 714 1652 s.
735 1598 955 1668 septentrionali
974 1615 1073 1652 versus
1091 1597 1249 1650 Moraviam
1268 1597 1344 1658 Osos,
1364 1597 1407 1646 in

165 1667 267 1720 dextra
287 1689 308 1720 s.
328 1671 515 1724 meridionali
534 1669 701 1734 Aravisoos,
739 1672 771 1723 in
791 1670 895 1723 Galliis
914 1678 1011 1724 autem
1029 1687 1123 1740 neque
1142 1668 1195 1724 hos
1214 1685 1309 1738 neque
1327 1668 1406 1720 illos
1427 1681 1428 1728 1

165 1736 320 1804 habitasse,
341 1741 520 1790 contendunt
539 1741 651 1792 Dilhm.
673 1739 772 1798 Dillh..
788 1747 817 1792 el
834 1739 944 1792 Giinth.
1427 1775 1428 1806 5

238 1815 281 1860 11.
320 1809 447 1870 Treveri,
474 1825 599 1877 quorum
625 1809 705 1864 sedes
732 1811 810 1864 inter
834 1813 941 1863 Mosam
968 1811 1160 1878 Rhenumque
1185 1817 1214 1862 et
1229 1808 1428 1880 ‘praecipue'

166 1875 245 1930 circa
263 1879 411 1932 Mosellam
430 1883 513 1934 luere
533 1881 565 1932 in
583 1881 702 1956 Belgica
719 1881 833 1950 prima3
869 1883 974 1952 oppida
1000 1883 1215 1956 Noviomagus,
1245 1880 1408 1933 Confluen-

164 1954 222 2010 tes,
252 1951 357 2015 (Mosae
377 1959 406 2005 et
424 1952 536 2018 Rheni,
564 1949 632 2006 hod.
655 1953 778 2020 collem)
798 1953 935 2029 Bingium
955 1963 983 2008 et
1002 1955 1074 2018 alia,
1105 1961 1191 2023 caput
1210 1969 1280 2005 vero
1299 1951 1343 2004 Au

164 2025 206 2071 sla
224 2019 430 2086 Treveroraun,
451 2023 531 2092 (Lod.
552 2026 641 2091 trior)
661 2025 786 2077 inaxima
806 2026 876 2078 olim
896 2027 1172 2097 opulentissimaque
1186 2024 1300 2078 Galliae
1319 1969 1406 2086 uffa,
1427 2025 1428 2032 ’

164 2091 378 2161 Imperatorum
406 2096 630 2154 domiciliuma
658 2097 844 2152 Constantino
874 2099 910 2152 M.
936 2115 1028 2168 usque
1053 2098 1090 2152 ad
1107 2098 1278 2160 Valentem
1312 2094 1354 2146 ori
1384 2109 1428 2146 0.

165 2165 363 2234 antiquissima
382 2175 411 2222 et
428 2167 572 2234 fabulosa,
602 2168 725 2222 deducta
744 2187 760 2223 a
780 2171 908 2232 Trebeta,
938 2169 1134 2225 Semiramidis
1159 2169 1305 2242 privigno.
1387 2185 1428 2236 e¹

162 2235 221 2292 hoc
249 2255 276 2291 v.
301 2239 360 2310 Epi
401 2280 407 2292 .
436 2240 467 2292 in
486 2239 606 2294 Anthol.
635 2241 684 2294 lat.
705 2247 742 2305 3,
762 2246 807 2298 20.
827 2243 860 2296 Τ.
882 2243 904 2295 1.
926 2259 954 2314 p.
975 2247 1037 2298 172.
1063 2250 1091 2295 11
1109 2243 1141 2293 in
1160 2239 1298 2296 Wernsd.
1317 2247 1403 2309 poet.

163 2310 213 2364 lat.
245 2311 315 2365 min.
379 2352 384 2366 .
413 2313 450 2376 V,
483 2317 510 2368 3.
536 2331 565 2382 p.
594 2315 673 2370 1382
707 2314 742 2366 de
770 2314 906 2368 Treveris
942 2315 1009 2368 Tac.
1044 2313 1118 2384 Anu.
1147 2317 1181 2377 1,
1217 2317 1261 2368 11.
1288 2314 1320 2374 2,
1353 2315 1404 2365 11..

163 2386 206 2438 28.
227 2388 318 2449 3,12.
350 2385 385 2436 Η.
407 2389 442 2453 1,
461 2387 506 2440 53.
528 2387 572 2441 57.
593 2383 637 2441 62.
658 2389 694 2443 69
715 2415 747 2425 -
768 2391 812 2443 77.
846 2387 924 2440 Caes.
951 2386 977 2440 b.
998 2387 1032 2439 G.
1055 2391 1086 2449 1,
1106 2388 1150 2442 37.
1170 2389 1206 2448 2,
1235 2387 1278 2440 21.
1298 2389 1331 2446 3,
1352 2389 1404 2438 11.

163 2459 246 2520 1,6.
273 2461 316 2512 10.
346 2457 382 2518 5,
402 2461 429 2514 2.
449 2461 475 2514 3.
496 2459 649 2513 55-58.
688 2461 720 2525 6,
739 2459 766 2514 2.
786 2464 812 2515 3.
833 2461 858 2514 7.
879 2463 904 2516 8.
933 2462 1086 2516 28-32.
1114 2461 1148 2524 7,
1177 2462 1221 2514 63.
1241 2461 1268 2521 8,
1287 2459 1331 2512 25.
1352 2460 1406 2510 11.

163 2531 209 2582 15.
242 2528 334 2584 Strab.
355 2529 403 2583 lv,
424 2547 452 2600 p.
474 2533 535 2586 191.
572 2531 645 2584 Ρ101.
667 2533 700 2598 2,
720 2533 746 2586 9.
784 2531 859 2584 Plin.
879 2535 912 2593 1,
933 2537 976 2588 17.
996 2551 1017 2584 s.
1037 2533 1081 2588 26.
1102 2535 1147 2586 31.
1192 2529 1332 2584 Ammiau.
1353 2534 1407 2591 15,

165 2605 210 2655 11.
235 2605 288 2668 16,
314 2605 342 2658 3.
367 2604 423 2668 17,
453 2605 479 2658 3.
509 2606 563 2668 18,
589 2606 617 2660 2.
645 2605 697 2667 27,
726 2607 769 2658 10.
798 2603 876 2657 Suet.
898 2604 1004 2659 6118.
1039 2603 1152 2674 Spener
1169 2621 1197 2673 p.
1218 2605 1405 2658 300-307.

165 2672 273 2727 611111.
293 2675 326 2728 Τ.
346 2675 369 2728 1.
389 2691 417 2744 p.
441 2676 609 2731 253-262.
646 2673 737 2728 Barth
762 2673 793 2744 0.
813 2679 876 2734 267.
902 2678 1044 2730 Mannert.
1092 2677 1205 2728 Treveri
1229 2675 1260 2726 in
1280 2673 1408 2744 optimis

165 2744 230 2800 edd.
253 2747 365 2814 Taciti,
386 2745 462 2800 Suet.
483 2747 668 2817 aliorumque
687 2755 716 2801 ct
734 2747 766 2800 in
783 2748 885 2802 multis
904 2749 1050 2820 inscriptt.
1089 2749 1200 2801 Treuiri
1221 2747 1252 2799 in
1271 2745 1315 2799 ed.
1336 2747 1406 2798 Put.

166 2826 195 2871 et
215 2817 305 2872 Rhen.
326 2820 358 2872 in
376 2835 465 2872 numo
490 2819 605 2890 Vespas.
632 2837 677 2890 ap.
699 2819 798 2884 Gela,
835 2821 866 2872 in
893 2821 953 2878 (lic.
983 2840 1028 2893 ep.
1057 2820 1094 2874 ad
1121 2820 1180 2873 div.
1200 2823 1231 2884 7,
1253 2823 1295 2875 13.
1321 2825 1350 2872 11
1369 2819 1407 2869 in

166 2889 230 2944 edd.
252 2891 392 2958 Caesaris,
413 2889 559 2944 Ammiani
578 2892 614 2946 al.
656 2888 786 2966 Τρήβιροι
805 2893 944 2946 dicuntur
962 2895 1036 2948 Ptol.
1072 2897 1226 2967 Τρηουῒροι,
1249 2888 1407 2966 Τριουήροι,

168 2961 318 3037 Τρηούηροι
338 2963 446 3030 Strab.,
470 2961 631 3088 Tpaovriptos
650 2972 679 3018 et
699 2960 843 3088 prvsfpot
861 2965 969 3034 Dioni,
994 2975 1026 3020 ut
1044 2965 1134 3039 vulgo
1156 2971 1278 3036 putant,
1300 2963 1405 3016 Genu.

168 3035 252 3089 Treue
271 3044 300 3090 11
318 3047 413 3105 comp.
434 3037 552 3098 Treuer,
593 3037 641 3100 di,
661 3035 719 3090 fide
734 3037 819 3092 iores.

238 3113 282 3166 12.
319 3107 432 3170 Neruii,
465 3109 601 3163 Treveris
628 3109 746 3162 finitimi
770 3129 787 3164 a
811 3111 1028 3179 septentrione,
1057 3109 1205 3164 Aduatiois
1228 3107 1404 3172 ameridie,

166 3181 246 3234 inter
264 3181 388 3244 Mosam,
417 3181 546 3235 Scaldim
566 3181 703 3248 (schalde)
723 3189 752 3235 et
770 3181 874 3247 Sabin,
900 3181 968 3236 hod.
990 3184 1111 3252 Samira.
1149 3183 1191 3237 61.
1223 3181 1290 3234 Tac.
1317 3181 1351 3231 H.
1372 3181 1406 3243 1,

167 3257 210 3308 15.
230 3254 274 3310 56.
294 3257 338 3310 66.
359 3256 402 3310 79.
441 3255 518 3308 Gaas.
544 3253 570 3306 b.
601 3253 636 3308 G.
664 3258 743 3320 2,1.
765 3257 892 3310 15-28,
921 3257 957 3322 5,
976 3258 1107 3314 38-52.
1131 3259 1167 3320 6,
1187 3257 1213 3312 3.
1234 3257 1277 3308 29-
1297 3253 1334 3314 7,
1354 3253 1404 3306 75.

167 3325 259 3380 Strab.
281 3327 329 3382 IV.
349 3343 378 3395 p.
399 3329 461 3382 191.
491 3326 614 3396 Appian.
635 3331 668 3394 1,
687 3331 713 3382 1.
747 3327 939 3394 Ρ111.1,31.
960 3327 1192 3396 (ubimllard.)
1224 3324 1280 3377 Dio
1301 3327 1352 3389 39,
1372 3328 1405 3378 3.

166 3401 285 3465 10,17.
323 3399 396 3452 Ρ101.
416 3401 454 3465 2,
472 3403 501 3456 9.
539 3399 778 3464 611111.2,22.
824 3400 933 3454 cellar.
953 3401 987 3454 Τ.
1008 3406 1034 3456 1.
1054 3418 1083 3469 p·
1102 3400 1267 3456 291-291.
1305 3395 1409 3449 Ritter

166 3489 196 3541 p.
216 3475 278 3526 101.
311 3469 431 3544 Spener.
451 3471 484 3526 Τ.
505 3471 544 3526 ΙΙ.
563 3488 592 3541 p·
612 3476 667 3530 317
680 3489 739 3542 seq.
768 3474 910 3526 Mannert.
948 3471 1049 3525 Neruii
1075 3469 1152 3524 MSS.
1180 3469 1252 3522 Tur.
1280 3468 1405 3522 llumm.

167 3562 192 3670 p}
210 3559 264 3598 sec.
294 3561 332 3597 m.
359 3551 388 3598 et
415 3544 538 3619 Longol.
566 3561 622 3599 uec
648 3561 709 3599 non
724 3543 797 3598 edd.
827 3561 927 3598 omnes
954 3554 1020 3599 ante
1046 3543 1140 3598 Rhen.
1160 3545 1186 3598 2.
1232 3543 1332 3596 Heruli
1355 3541 1405 3594 ed.

193 3631 249 3670 om.
268 3634 285 3668 a
303 3633 341 3674 m.
361 3633 416 3670 sec.

242 3693 285 3745 13.
323 3692 398 3742 circa
423 3683 630 3756 affectationem
651 3689 830 3743 &manicae
855 3691 994 3760 originis,
1029 3687 1155 3742 studium
1182 3693 1210 3740 11
1234 3686 1410 3738 ostentatio·

168 3777 235 3814 nem
254 3777 345 3830 paene
370 3760 533 3814 ridiculam.
567 3761 610 3816 61.
640 3760 718 3814 Caes.
738 3762 764 3814 h.
785 3761 820 3814 G.
841 3766 876 3828 1,
896 3765 940 3819 36.
960 3767 997 3831 6,
1016 3765 1063 3820 21.
1099 3759 1217 3814 Diodor.
1237 3761 1273 3822 5,
1292 3762 1337 3813 31.
1358 3761 1409 3813 32.

168 3827 344 3900 affectionem
363 3851 388 3886 c.
409 3833 526 3886 Rumm.
547 3841 575 3887 et
593 3835 685 3909 Long.
707 3833 751 3888 ed.
771 3835 842 3888 Nor.
873 3834 917 3888 61.
937 3836 973 3889 ad
992 3851 1016 3888 c.
1036 3837 1063 3892 5.
1083 3853 1111 3886 n.
1131 3835 1175 3888 12.
1214 3833 1307 3890 cirta,
1326 3847 1354 3882 v·
1368 3831 1411 3884 ad

169 3903 243 3957 Ann.
270 3909 321 3969 11,
348 3907 391 3960 15.
429 3923 497 3958 cura
521 3907 592 3960 Nor.
632 3908 812 3960 Germanicae
845 3923 871 3960 c.
897 3908 968 3962 Tur.
995 3908 1039 3964 ed.
1074 3908 1145 3960 Nor.
1177 3903 1258 3958 Vien.
1288 3920 1411 3957 omnes-

56 3977 60 3986 ’
169 3993 226 4046 que
253 3985 320 4047 post
346 3975 437 4030 Rhen.
458 3981 485 4034 2.
526 3979 693 4033 Germaniae
721 3981 764 4034 ed.
792 3997 838 4050 pr.
868 3979 931 4034 Put.
959 3983 1049 4058 Pogg.
1077 3981 1153 4032 Mon.
1185 4005 1221 4016 -
1248 3977 1411 4040 ambitiosi,

145 4065 260 4117 1quum
286 4049 404 4125 origine
437 4049 519 4103 Galli
552 4062 661 4118 essent,
703 4053 888 4106 affectatione
916 4054 1079 4108 Germanos
1107 4067 1136 4104 se
1162 4067 1222 4104 esse
1249 4049 1410 4114 dixerunt,

170 4121 274 4175 Galatia.
312 4121 371 4176 Sed
396 4139 423 4174 v.
455 4121 533 4177 (lass.
564 4125 590 4177 b.
613 4125 647 4178 6.
669 4127 748 4190 2,1.
777 4133 806 4177 11
825 4123 917 4180 Strab.
938 4127 987 4180 lv.
1006 4143 1035 4198 p.
1056 4127 1117 4180 191.
1139 4153 1171 4163 -
1205 4123 1299 4182 ultro,
1319 4141 1345 4175 v·
1370 4123 1414 4175 ad

169 4199 202 4262 3,
222 4197 275 4260 36,
295 4199 319 4249 1.
339 4197 375 4262 6,
395 4199 446 4260 31,
465 4199 490 4251 3.
511 4201 562 4261 11,
582 4201 614 4263 1,
633 4197 659 4252 2.

242 4270 285 4321 11.
323 4287 342 4322 a
364 4267 555 4322 similitudine
583 4276 610 4322 et
633 4269 739 4322 inertia
760 4269 906 4329 Gallorum
934 4287 988 4340 pro
1008 4273 1112 4324 asim.
1133 4272 1254 4322 inertias
1273 4270 1319 4328 6.,
1348 4283 1412 4334 quo

169 4337 280 4412 figurae
306 4341 334 4396 ia
362 4340 407 4396 dai
433 4341 509 4397 duola
532 4341 667 4412 cxosnplo
697 4341 741 4394 nil
767 4342 874 4398 clarius
900 4352 949 4397 aut
968 4344 1129 4416 elegantius
1149 4341 1272 4417 cogitari
1290 4348 1411 4411 potest;
