2792 4792
460 203 601 270 CAPUT
619 191 693 268 'Xlu
1133 205 1192 268 173

39 370 194 424 subinteriuru
210 388 276 426 cum
295 369 385 424 dandi
405 385 473 426 casu
491 371 631 434 inuitum
657 367 733 422 Here.
765 367 834 422 coll.
856 367 929 425 Anu.
949 371 982 432 2,
1000 371 1045 426 23.
1075 369 1140 423 biv.
1162 375 1187 435 1,

37 447 60 500 is.
73 447 144 509 ¹⁴³2
162 444 224 499 Ptin.
243 447 281 510 2,
301 447 362 500 100.
383 443 501 496 Rubuk.
521 443 558 496 ad
576 442 666 495 Rutil.
686 442 758 512 lmp.
777 457 806 510 p.
826 443 887 498 185.
924 441 982 496 Sed
1001 439 1115 496 nubat.
1136 442 1187 496 do·

36 525 71 578 tet,
84 517 140 568 illud
155 516 188 569 ita
203 517 287 572 rebus
305 516 403 586 potius
422 534 510 585 quarn
528 515 660 585 personis
679 513 780 588 iungi5
801 513 904 567 canti.

76 591 93 644 b
120 589 162 642 list
182 594 209 642 in
227 591 320 644 inuh
342 590 446 642 Oceani
464 597 575 642 castum
598 605 694 640 nemas
713 594 788 650 cet.,
821 603 895 656 quae
920 590 1016 641 insula
1038 588 1189 658 plerisque

33 667 57 712 est
68 659 147 732 lugia,
164 663 225 716 aliis
242 678 313 716 vero
332 659 554 726 Tosettesland,
573 662 674 724 Mona,
694 659 909 733 Helgolaudia,
934 660 1030 713 insula
1048 660 1189 730 quaedam

34 732 101 786 boire
115 743 153 786 aut
167 734 199 787 ad
214 736 285 790 ostia
304 735 424 797 Viadri‚
444 734 583 798 Temere,
604 732 746 800 (Temen,
765 747 844 799 quae
859 748 950 800 parvo
969 735 1044 787 freto
1063 733 1097 786 ab
1117 731 1190 785 Hol-

34 804 76 854 etia
90 805 228 873 dirimitur5
246 805 343 860 Barth.
363 805 393 875 5.
414 809 490 870 507.)
518 803 722 870 Bombotmia,
743 805 812 857 Poel
831 803 945 865 insula,
973 805 1141 873 (Leutschio
1159 823 1188 874 p.

31 879 76 940 iii.)
95 877 223 932 Seelaudia
250 881 364 946 (Manio
387 878 420 932 T.
441 879 481 932 11.
501 895 530 948 p.
549 881 654 946 2iseq.
681 885 709 932 et
725 879 886 942 mntem),
910 875 1121 943 scandinavia,
1146 881 1186 942 (v.

33 947 355 1006 titillamentis
377 952 401 1004 1.
422 967 447 1003 ο.
466 953 512 1007 au.
532 968 560 1002 n.
582 953 623 1004 ss.
656 950 708 1020 qus
735 949 827 1002 mun
851 955 953 1002 naun
981 949 1016 1004 ue
1041 949 1098 1004 hoc
1115 951 1188 1004 resto
1288 935 1291 950 '

31 1019 48 1069 iu
60 1037 79 1072 es
92 1031 142 1076 aeto
157 1042 249 1079 mense
265 1024 362 1090 Julio)
381 1023 524 1076 halandia
543 1021 581 1076 al.
621 1021 699 1088 Quae
718 1030 815 1074 tamen
832 1019 860 1074 b.
881 1021 901 1074 l.
921 1014 1106 1086 referuntur,
1127 1039 1189 1075 ma·

31 1091 77 1144 uiue
89 1096 209 1162 quadrare
227 1097 388 1151 creduntur
410 1096 443 1148 in
467 1093 591 1170 Rugiam
611 1097 652 1160 (v.
673 1093 815 1149 adolii.
835 1111 863 1146 n.
883 1097 944 1160 20.)
971 1105 999 1148 et
1018 1095 1136 1164 quidem
1157 1095 1190 1147 in

30 1173 100 1229 putem
116 1170 166 1222 eius
182 1179 208 1222 et
224 1169 442 1240 paeninsulam,
463 1185 537 1236 quae
555 1167 710 1227 immund,
739 1167 771 1218 in
788 1167 905 1231 siloam,
924 1184 998 1236 quae
1019 1168 1149 1220 Stubnits
1167 1185 1188 1220 s.

29 1235 145 1302 iiiiiiuits,
162 1249 188 1296 et
205 1243 237 1296 in
256 1245 366 1301 lacum,
385 1242 438 1311 qui
456 1241 576 1312 Bargasa
594 1257 673 1294 nunc
693 1239 812 1293 dicitur.
851 1239 994 1294 Paasoeius
1008 1239 1081 1295 haec
1101 1256 1190 1293 anno·

29 1310 81 1360 urit:
95 1314 269 1376 „boelluerus
288 1315 388 1379 (Reise
407 1311 501 1366 durch
519 1315 674 1367 Pommern
701 1311 763 1364 und
787 1311 833 1365 die
859 1313 939 1366 lnsel
963 1311 1066 1398 Riiqen
1089 1331 1119 1384 p.
1138 1315 1192 1367 25⁰

29 1385 72 1448 80)
83 1385 243 1456 gravissimis
263 1387 356 1442 evicit
374 1385 557 1451 rationibus,
582 1385 617 1439 de
636 1385 717 1438 nulla
736 1384 795 1437 alia
813 1384 973 1456 praeterii
1016 1403 1075 1438 uam
1095 1385 1190 1438 insula

29 1455 158 1525 up'uutum
175 1477 246 1514 esses
281 1459 396 1514 accedit
416 1458 600 1534 Gagernius,
630 1475 716 1528 eques
734 1458 796 1528 ipse
813 1457 963 1532 Rugianue
973 1404 1033 1523 igi.
1054 1458 1078 1511 1.
1098 1475 1127 1528 p.
1146 1461 1189 1514 57.

29 1527 90 1590 bil.
106 1529 141 1582 ed
158 1535 197 1598 2)
232 1532 274 1585 Et
291 1549 379 1598 sane,
411 1531 583 1600 quicunque
611 1529 768 1584 intraverit
792 1546 914 1584 nemora
932 1529 1116 1597 Stubnitiae,
1139 1529 1191 1583 Sa·

29 1597 110 1668 ‚nudam
130 1603 203 1658 inter
226 1613 256 1659 et
307 1603 525 1658 romoniorium
551 1601 829 1666 stubbencamerae,
866 1603 1052 1672 conspexerit
1083 1617 1189 1667 arcem,

29 1669 120 1752 ttilt'tquc
136 1676 261 1731 Hertbae
281 1622 400 1740 ictam,
420 1675 679 1745 subiacentemque
697 1675 806 1728 Lacum
816 1674 856 1728 Ni
944 1709 953 1738 ,
972 1677 1084 1729 somnae
1101 1675 1190 1746 plane

29 1739 162 1812 ducentae,
180 1749 361 1804 densissimis
380 1748 464 1802 silvis
483 1748 633 1812 cinctum,
661 1749 821 1802 immensae
839 1691 1019 1814 affiumdinis,
1040 1747 1190 1818 acceperit

29 1817 136 1872 nolarum
151 1821 184 1874 de
202 1821 250 1875 bis
270 1821 400 1876 Herthae
418 1821 533 1874 sacellis
562 1821 747 1874 narrationes
769 1819 860 1872 avitas
885 1836 959 1882 nec,
991 1819 1070 1890 quod
1094 1835 1191 1890 nuper

29 1887 155 1958 actitarent,
173 1912 189 1946 a
207 1894 366 1948 zoellnero
384 1891 551 1946 hominibus
571 1892 746 1948 nostratibus
767 1909 782 1946 e
800 1890 912 1946 Saxone
923 1891 1123 1946 Grammatico
1142 1909 1190 1946 rs·

29 1973 59 2008 eus
71 1961 228 2033 inculcatas,
248 1966 484 2042 cogitaveritque
503 1973 657 2036 praeterea
675 1973 809 2018 naturam
827 1965 1026 2033 reliquarum,
1051 1981 1121 2034 quas
1140 1963 1190 2018 de·

29 2035 89 2102 {utri
103 2047 211 2107 putant,
248 2040 412 2092 insulanum
439 2038 473 2090 ab
493 2055 540 2104 ea,
576 2055 663 2107 qnam
682 2037 799 2090 Tacituus
819 2036 992 2106 descripsit,
1026 2037 1190 2092 diversissi-

29 2121 73 2182 timi
88 2108 108 2160 is
123 2113 176 2163 iam
194 2129 256 2166 non
275 2110 497 2165 haesitabundus
516 2112 549 2162 in
568 2110 657 2164 sacris
677 2110 739 2162 illis
757 2109 867 2184 Rugiae
886 2109 961 2162 lucis
979 2109 1072 2164 almae
1089 2109 1190 2164 matris

29 2176 101 2234 ertbm
116 2184 189 2238 sedes
208 2185 377 2259 agnoverit.
416 2183 474 2236 llic
493 2183 577 2239 illius
596 2197 690 2244 arma,
723 2181 775 2234 hic
803 2199 906 2234 currus
932 2174 1029 2236 fuit!”
1066 2183 1110 2236 cf.
1138 2182 1190 2236 Ge.

28 2249 82 2302 aelii
97 2254 221 2310 Chrouik
239 2275 299 2311 von
318 2256 500 2330 Merseburg,
520 2255 622 2326 Leipz.
643 2257 722 2310 1668.
759 2255 884 2308 Journal
910 2255 960 2307 fuir
985 2255 1033 2308 die
1052 2263 1190 2310 narseten

28 2321 139 2381 tui-und
155 2328 324 2396 Seereisen,
344 2329 421 2382 Berl.
441 2331 522 2386 1808.
550 2329 614 2381 Jan.
634 2345 663 2397 p.
683 2330 709 2382 8.
729 2331 755 2384 9.
785 2327 966 2402 Kosegarten
988 2326 1190 2398 Rhapsodieeu
1245 2369 1252 2382 .

28 2395 70 2474 qn·
85 2399 212 2456 llummel
228 2404 277 2456 iv.
297 2419 326 2472 p.
345 2405 406 2458 270.
425 2404 487 2458 271.
507 2398 677 2454 Anchersen
695 2399 715 2452 l.
737 2399 756 2452 l.
777 2401 920 2454 Mannart.
942 2401 998 2466 lll,
1018 2405 1079 2456 390.
1101 2399 1189 2469 (339.)

28 2466 120 2523 ttlbelm.
137 2491 164 2543 p.
183 2479 228 2532 49.
269 2473 364 2528 Dilth.
390 2475 522 2528 Ammon.
549 2481 578 2527 et
602 2471 734 2526 Baeuml.
759 2470 845 2524 adh.
873 2473 893 2525 l.
923 2473 1113 2527 Memorabile
1138 2480 1189 2536 est,

28 2539 387 2616 2·Ctnssoph.1.emmium
412 2546 578 2622 flagianum
606 2545 638 2597 in
661 2545 768 2614 disput.
798 2543 833 2597 de
861 2543 954 2619 lingis
978 2543 1089 2600 Witeb.
1109 2549 1189 2602 1687.

29 2619 156 2678 ‚qamvis
175 2629 204 2674 et
223 2622 309 2674 lacus
328 2619 411 2672 illiue
432 2619 513 2694 nigri
533 2626 562 2672 et
581 2616 709 2670 Herthae
727 2617 909 2670 mentionem
927 2616 1026 2682 iaciat,
1048 2635 1191 2686 nusquam

28 2697 70 2736 meu
85 2705 307 2747 commemorare
335 2692 425 2744 avitas
451 2692 614 2744 incolarum
641 2689 677 2742 de
696 2689 779 2740 istius
798 2689 929 2742 numinis
948 2689 1030 2742 multu
1048 2689 1192 2744 narratio-

28 2773 47 2818 ῡ,
67 2777 136 2828 quas,
166 2767 192 2818 si
218 2774 296 2819 tunc
314 2763 453 2834 temporis
472 2763 531 2816 iam
550 2761 727 2816 exstitissent
750 2767 798 2814 aut
818 2759 875 2829 ipsi
894 2761 996 2816 saltem
1015 2769 1101 2816 notae
1118 2762 1190 2816 fuis·

28 2835 56 2906 n,
72 2834 113 2885 riu
129 2839 349 2905 praeteriisset,
380 2853 470 2904 quum
490 2852 524 2889 eo
544 2835 607 2905 ipso
625 2835 708 2899 loco,
740 2849 798 2901 quo
817 2833 853 2888 ds
872 2833 938 2887 lacu
956 2851 1053 2888 sermo
1072 2841 1128 2898 est,
1155 2851 1191 2888 ex

28 2903 113 2960 melio
135 2911 248 2966 anilem
277 2907 422 2980 quandam
448 2908 575 2962 fabulam
603 2905 778 2971 inseruerit3
807 2906 889 2960 Oreil.
927 2906 1010 2962 Goui.
1036 2905 1189 2961 Reichard.

34 2977 166 3038 lit—185.
186 2984 241 3036 ubi
262 2989 358 3045 recte,
378 2980 500 3050 opinor,
524 2987 640 3046 monet,
666 2978 791 3054 Rugiam
811 2979 901 3033 nimis
919 2989 1062 3034 remotam
1082 2998 1142 3034 esse
1162 2985 1190 3034 et

28 3061 89 3102 tour
105 3053 136 3105 ab
154 3053 183 3108 b.
204 3057 227 3110 l.
249 3064 314 3108 tum
333 3062 456 3123 propter
479 3051 709 3123 descriptionem
734 3050 809 3118 eius,
843 3059 906 3104 tum
934 3053 1003 3121 quia
1065 3061 1130 3108 atur
1154 3051 1199 3108 de·

28 3125 157 3180 omuuibus
176 3137 207 3182 et
225 3128 321 3182 sacris
339 3127 394 3180 vll
412 3125 592 3196 populorum
611 3132 640 3178 et
657 3123 769 3177 sedibus
789 3124 821 3178 in
836 3125 967 3178 llolsatia
991 3133 1020 3179 et
1060 3125 1189 3180 lssvicia.

39 3203 91 3248 ³⁰1³
107 3200 143 3267 3.)
181 3203 255 3256 Nou
275 3199 353 3252 male
372 3207 467 3252 autem
488 3197 666 3268 suspicatur,
685 3199 808 3250 insulam
830 3198 946 3260 Oceani,
964 3199 1052 3250 maris
1071 3197 1190 3264 Baltici,

28 3269 181 3337 reinna,
206 3273 343 3326 insulam
363 3287 530 3335 amoenam,
556 3269 771 3324 fertilissimam
792 3276 820 3322 et
837 3268 994 3324 Slesvioiae
1012 3271 1188 3340 proximam,

30 3337 75 3392 eius
91 3347 207 3400 nomine
228 3344 362 3400 effictam
382 3351 411 3398 et
428 3345 513 3396 Alcin
532 3343 606 3411 (cap.
625 3344 685 3408 ts.)
705 3349 734 3395 et
752 3340 886 3396 Hertisum
905 3361 926 3396 s.
945 3341 1095 3405 noreiam,
1113 3341 1143 3395 b.
1164 3359 1187 3396 e.

28 3409 124 3480 tinam,
150 3419 276 3481 Her-risa,
305 3415 395 3483 (unde
415 3422 443 3470 et
461 3417 662 3485 praefecturae
681 3414 752 3468 Dan.
771 3414 877 3468 Her-red
892 3433 914 3468 s.
934 3414 1081 3477 Heri-eder,
1105 3413 1188 3468 Sueo.

28 3483 85 3550 liv)
102 3499 129 3541 et
148 3491 273 3556 locum,
300 3491 332 3542 in
350 3488 416 3558 ripa
435 3496 485 3540 aut
503 3486 673 3557 paeninsula
692 3489 768 3540 locus
786 3487 892 3552 situm,
918 3487 1042 3542 aseruis
1062 3487 1093 3540 in
1110 3484 1190 3538 hunc

28 3571 61 3607 ¹111
78 3560 197 3616 detrusis
218 3565 338 3616 dictum
356 3561 538 3630 Harisprung
555 3579 576 3612 s.
596 3559 813 3630 Hirschsprung.
852 3559 896 3614 Gi.
922 3558 1042 3612 Erechii
1068 3567 1096 3613 et
1115 3558 1191 3612 Gru·

28 3625 209 3708 itincyctop.
238 3635 278 3688 Τ.
298 3635 337 3688 ll.
363 3651 392 3703 p.
412 3636 474 3690 419.
508 3651 537 3686 v.
563 3633 649 3686 Alcis.
677 3661 713 3670 —
759 3633 862 3686 Oceani
886 3631 1044 3686 delendum
1072 3630 1190 3703 putabat

28 3719 68 3756 use
85 3707 115 3759 in
133 3710 216 3786 orig.
239 3705 393 3761 Mausield.
414 3705 464 3760 sel.
493 3721 556 3774 cap.
581 3721 609 3774 p.
629 3707 675 3760 16.
698 3713 748 3758 aut
766 3703 922 3780 legendum
941 3708 971 3757 in
989 3707 1062 3760 siloa
1079 3705 1190 3766 Boresti,

30 3789 73 3842 qua
89 3797 114 3832 v.
134 3781 218 3836 Caes.
241 3781 272 3834 b.
294 3779 328 3833 G.
348 3783 380 3842 6,
400 3783 443 3834 10.
481 3775 562 3830 lllud
580 3777 661 3847 prob.
681 3777 787 3830 Anton.
808 3785 836 3830 et
853 3777 996 3832 Emrnerl.
1034 3775 1091 3832 Sed
1109 3796 1136 3831 r.
1154 3775 1191 3829 ad

28 3851 64 3902 .l.
81 3869 106 3904 n.
125 3855 151 3909 2
173 3885 213 3897 -
233 3869 347 3913 suemus,
366 3853 403 3908 cf.
423 3849 459 3904 ad
478 3868 539 3920 cap.
558 3853 584 3905 9.
604 3867 633 3902 n.
653 3854 679 3904 7.
717 3859 824 3904 eastum
843 3867 951 3912 nemus,
970 3851 1052 3904 nulla
1070 3867 1103 3904 re
1121 3863 1191 3919 pro-

28 3925 193 3990 tpollutum
225 3933 477 3994 comptumque3
501 3922 580 3974 Bred.
618 3921 667 3976 Sic
693 3925 749 3976 luci
772 3941 875 3992 parum
897 3927 971 3976 casii
996 3923 1067 3978 lior.
1097 3921 1143 3976 od.
1163 3924 1190 3983 1,

38 3995 72 4049 ii.
92 4005 118 4052 et
133 4001 307 4066 matralia
324 4005 420 4059 casta,
450 3995 580 4066 profanis
600 3993 761 4060 inaccessa3
781 3996 857 4050 Pasa.
884 3996 954 4049 coll.
981 3993 1073 4050 Gron.
1103 3993 1188 4046 diatr.

28 4061 74 4120 itat.
100 4071 172 4129 silv.
205 4074 242 4127 T.
267 4072 293 4126 1.
312 4087 340 4140 p.
360 4071 422 4124 ⁴51.
443 4067 485 4122 ed.
507 4068 584 4137 lips.
621 4065 767 4122 Similiter
801 4069 872 4132 ‘eis
898 4085 953 4138 pro
976 4065 1065 4132 ὅσιος,
1096 4073 1191 4118 castae

28 4147 167 4210 spiam,
186 4154 279 4200 canta
297 4141 453 4212 Dindyma,
472 4157 540 4202 ara,
559 4139 716 4194 Palladium
734 4157 780 4211 ap.
822 4141 853 4194 il.
873 4143 909 4205 2,
928 4143 989 4198 698.
1010 4145 1061 4204 13,
1079 4142 1124 4196 62.
1145 4141 1190 4202 17,

31 4213 63 4270 bb
86 4225 113 4272 et
130 4220 192 4275 alia
213 4215 312 4272 huius
331 4213 458 4289 generis.
495 4212 574 4265 ilinc
593 4229 651 4266 non
672 4221 714 4266 est
733 4213 810 4282 quod
830 4212 918 4268 verba
936 4213 966 4267 h.
989 4211 1009 4266 l.
1029 4217 1190 4266 mutentur.

28 4301 89 4346 nau.
113 4311 213 4346 nemas
235 4293 307 4346 Par.
338 4287 480 4346 Castrum,
499 4303 592 4338 nemus
612 4283 703 4338 Rbeu.
726 4289 752 4342 1.
789 4287 950 4340 etcertum
969 4285 1000 4338 in
1018 4301 1111 4358 marg.
1143 4281 1193 4334 Cu-

28 4373 134 4421 ram,
152 4365 257 4422 mnan.
280 4363 309 4420 2
329 4364 356 4418 3.
394 4358 527 4426 „Casum
551 4357 710 4413 insititiam
731 4375 791 4414 esse
809 4358 928 4430 putabat
944 4357 1017 4412 Ilm.
1055 4354 1113 4410 Sed
1130 4357 1191 4408 ior·
