2904 4802
404 257 546 332 94141
572 269 714 336 xxvu.
737 273 896 339 xxvm.
973 237 976 244 ’
1205 287 1267 348 ni

33 439 91 484 11199
110 429 271 515 1999911449
289 448 352 500 cap.
372 436 498 490 16-24.
535 439 656 493 maiores
673 445 751 500 tuos,
770 445 841 507 quos
860 449 893 493 tu
912 439 1091 499 4919441991
1110 447 1146 499 94
1164 449 1263 500 vitan-

33 505 98 556 dam
126 521 262 556 nominis
294 507 524 560 controversiam
554 513 674 564 maiores
704 513 853 581 appellare
880 515 972 567 149119
999 533 1086 584 quam
1112 525 1261 590 antiquos,-

34 575 140 628 Scluda.
182 575 226 629 Gi.
247 591 309 645 cap.
328 580 372 632 25.
394 596 439 648 pr.
477 578 534 632 Sed
558 589 620 636 tuos
644 584 734 636 simul
761 585 945 640 referendum
973 587 1091 642 videtur
1114 591 1149 643 ad
1167 593 1259 662 ipsius

32 649 171 702 Messalae
189 651 322 710 maiores,
351 652 401 718 qui
420 651 601 719 eloquentiae
622 655 706 708 laude
725 656 933 710 inclaruerunt.
965 677 993 711 v.
1013 661 1046 712 94
1066 662 1139 715 Ann.
1157 667 1192 731 2,
1211 669 1257 730 32,
1280 717 1282 724 ,

33 727 54 774 1.
83 723 244 775 incessentia
263 721 308 788 (ut
327 737 352 774 9.
371 726 416 778 24.
437 725 541 788 9140.)
561 727 637 778 coni.
656 729 757 780 Heum.
796 727 901 782 Recte:
929 747 995 783 nam
1025 743 1153 788 mortuos
1172 741 1261 790 inces-

1 801 2 806 ’
30 813 87 847 sare
105 803 209 864 potes,
228 797 358 848 lacessere
375 811 433 848 non
452 803 552 866 potes3
575 799 645 852 Orci.
682 801 750 853 Non
770 800 893 854 deerunt
911 803 1043 869 tortasse,
1070 808 1122 875 qui
1140 817 1258 862 contra·

30 869 108 919 rium
128 867 240 919 dicant.
279 867 335 920 Sed
362 877 518 938 utrumque
541 871 663 923 verbum
692 872 727 924 de
755 873 970 943 vituperatione
997 885 1055 929 tam
1073 887 1256 934 mortuorum

29 957 114 1008 quam
135 941 274 992 vivorum
291 948 456 1009 usurpatur.

98 1051 126 1102 3.
168 1045 232 1098 Non
250 1066 329 1109 sura,
348 1051 441 1118 inquit
458 1065 496 1101 99.
517 1051 643 1103 Messala.
657 1077 692 1089 -
710 1053 787 1120 Apri
802 1057 859 1105 mei
868 1075 877 1105 .·
895 1057 926 1108 in
945 1057 1021 1112 MSS.
1043 1059 1105 1111 Vat.
1126 1067 1153 1113 et
1168 1060 1255 1113 Farn.

30 1117 90 1170 edd.
110 1135 159 1188 pr.
182 1121 243 1172 Pul.
264 1120 329 1172 niv.
349 1120 414 1174 Ber.
443 1119 535 1174 Rhen.
555 1127 580 1174 1.
600 1125 625 1175 2.
644 1127 670 1178 3.
698 1124 763 1175 Atd.
791 1125 869 1179 Seeb.
898 1129 949 1181 Dr.
971 1131 1013 1184 Os.
1035 1131 1081 1184 Or.
1119 1152 1138 1184 a
1160 1137 1256 1201 prima

30 1191 179 1244 mendose.
217 1191 326 1260 Aprina
351 1188 529 1246 ‘substituere
554 1194 633 1263 lrips.
661 1193 740 1247 Pich.
771 1197 879 1251 etalii.
917 1203 994 1270 Apri
1019 1204 1094 1255 coni.
1121 1204 1168 1256 Or.
1189 1205 1256 1274 quia

31 1264 104 1315 male
123 1263 270 1332 scriptum
289 1285 308 1316 a
321 1269 375 1333 pri
393 1265 534 1332 explicari
552 1267 681 1334 potuerit
699 1287 717 1320 a
732 1274 837 1338 primm
853 1298 856 1304 .
872 1273 947 1341 Apri
964 1278 1021 1326 mei
1038 1277 1084 1339 (ut
1096 1275 1257 1330 Maternum
1334 1312 1335 1316 =

29 1353 117 1386 4111141
138 1351 166 1386 c.
179 1337 291 1404 bertr.)
311 1353 387 1388 corr.
407 1334 549 1388 Schurzfl.
570 1346 599 1388 et
619 1339 722 1390 Heum.
759 1343 833 1410 Apri
850 1349 942 1398 nostri
960 1349 1005 1410 (ut
1024 1363 1050 1398 c.
1070 1349 1115 1400 14.
1134 1351 1179 1402 24.
1197 1349 1256 1416 26.)

29 1409 177 1475 scripsere
194 1407 257 1476 Bip.
277 1406 343 1461 sch.
364 1405 413 1460 Ob.
434 1407 469 1460 al.
492 1409 601 1462 99941.
623 1409 715 1462 Gron.
736 1414 868 1478 quietari
886 1421 992 1484 (comp.
1014 1417 1114 1484 script.
1135 1432 1189 1486 pro
1208 1435 1257 1470 no-

1 1503 2 1508 =
28 1485 94 1536 stri)
116 1477 210 1528 facile
228 1479 258 1526 in
277 1499 323 1532 me
343 1479 517 1560 degenerare
535 1481 674 1544 potuerit.
712 1481 768 1530 Sed
786 1483 900 1535 facilius
919 1487 987 1543 mei,
1014 1487 1091 1551 qnod
1111 1487 1254 1548 91914191,

30 1565 198 1617 quanquam
219 1546 411 1600 dissentientis
418 1561 433 1606 ,1
454 1546 570 1600 affectui
590 1547 680 1620 magis
699 1565 861 1623 congruere
881 1553 1019 1618 videtur3
1050 1555 1128 1607 unde
1145 1556 1254 1625 recepi.

28 1651 61 1660 -
92 1637 144 1672 nec
162 1637 212 1671 nos
231 1615 336 1686 offendi
351 1618 470 1678 4919111,
488 1620 525 1670 91.
545 1619 582 1670 ad
601 1635 662 1686 cap.
682 1622 727 1674 23.
747 1639 776 1674 n.
794 1628 820 1679 6.
860 1643 927 1678 nam
946 1634 971 1676 et
989 1643 1035 1678 vos
1054 1644 1078 1682 ο,
1098 1627 1124 1678 d.
1145 1627 1190 1679 ed.
1207 1645 1255 1696 pr.

28 1723 60 1732 -
79 1709 168 1745 aures
186 1699 290 1744 vestras
305 1695 489 1760 perstringit,
515 1709 543 1742 11.
562 1691 597 1742 ad
616 1691 651 1742 ll.
671 1697 700 1757 1,
719 1695 769 1758 84,
788 1699 813 1752 6.
850 1701 1022 1767 perstringet
1046 1698 1109 1750 edd.
1128 1699 1205 1767 Lips.
1227 1708 1255 1752 et

1 1775 2 1780 ’
29 1783 84 1818 rec.
108 1763 564 1818 99.1“91·4.ν.9119.1.4.3.
600 1767 769 1834 perstringit
796 1784 830 1820 ex
850 1769 913 1822 944.
933 1778 990 1822 vet.
1010 1778 1184 1826 revocarunt
1203 1771 1254 1822 Dr.

1 1897 2 1900 q
29 1847 54 1890 et
73 1837 121 1890 Os.
162 1834 771 1902 ,1199941449119493414119414191199.
808 1857 835 1892 v.
863 1840 985 1893 Ellendt
1013 1859 1117 1894 comm.
1138 1842 1173 1894 49
1194 1843 1255 1895 199-

28 1911 80 1962 mis
102 1907 246 1962 enuntiat.
265 1907 374 1960 994411.
392 1907 463 1980 ling.
484 1907 533 1958 lat.
553 1909 653 1975 p.19.”
670 1908 767 1960 114-
786 1913 918 1964 iudicium
930 1917 1023 1965 animi
1033 1919 1107 1966 citra
1125 1915 1257 1966 damnum

28 1979 146 2050 affectas
163 1976 291 2049 proferre
310 1979 419 2043 libere,
455 1978 516 2030 sine
535 1977 637 2031 fraude
657 1981 815 2049 amicitiae,
845 1993 895 2036 aut
920 1985 982 2037 siue
1001 1986 1150 2038 9141991949
1169 1987 1256 2040 11949-

29 2055 184 2108 volentiae
202 2053 316 2105 diversa
334 2050 536 2114 9941194ῐί414,
555 2051 623 2103 Ern.
662 2051 705 2104 Cf.
725 2054 760 2105 ad
778 2055 813 2107 H.
833 2061 867 2121 4,
887 2061 941 2126 31,
961 2061 987 2111 3.
1016 2065 1044 2110 91
1063 2059 1097 2110 G.
1118 2063 1161 2114 16.
1180 2076 1209 2110 n.
1228 2061 1253 2112 5.

28 2129 83 2192 „ln
105 2126 151 2179 ed.
174 2123 249 2176 Pith.
267 2123 398 2176 Heidelb.
414 2126 493 2178 1594.
514 2124 661 2191 reperitur
680 2141 764 2183 error
782 2135 899 2201 typogr.
919 2119 1025 2182 damuni
1043 2147 1098 2198 pro
1116 2131 1256 2190 damnum,

1 2197 2 2206 ’
27 2201 102 2252 miro
123 2197 239 2250 iudicio
259 2196 378 2250 lectioni
397 2195 532 2268 vulgatae
550 2195 696 2264 piaelatus
715 2215 729 2248 a
748 2197 888 2252 Schurzss.
910 2201 960 2268 qui
981 2203 1085 2254 demam
1104 2221 1120 2253 a
1136 2203 1256 2256 Pithoee

27 2271 125 2325 ecod.
148 2277 299 2339 receptum
317 2267 443 2337 putabat.
482 2266 632 2335 Biponti'ni
656 2275 753 2320 autem
781 2271 837 2323 sio:
877 2271 1115 2347 Pithoeus'legit
1140 2275 1256 2334 4141441,

29 2354 53 2398 et
72 2347 200 2396 fortasse
219 2342 303 2393 scrib.
324 2342 502 2398 dementiam,
528 2347 560 2390 41
578 2357 621 2410 ap.
642 2339 702 2392 Cic.
722 2341 806 2395 Tuae.
826 2348 858 2408 3,
877 2346 902 2398 5.
939 2345 1026 2397 Plena
1053 2346 1150 2414 itaque
1175 2364 1257 2401 erro·

28 2437 93 2469 rum
113 2432 193 2486 quae
212 2413 329 2468 Schula.
350 2413 398 2465 Ob.
418 2411 497 2464 Seeb.
516 2411 551 2463 49
570 2409 688 2466 Pithoeo
708 2423 840 2482 narrant,
860 2433 955 2483 neque
973 2415 1044 2468 huic
1051 2454 1061 2483 ,
1080 2419 1129 2470 sed
1148 2419 1256 2490 Bipon·

29 2491 95 2541 tinis
115 2488 242 2541 debetur
259 2487 311 2538 1119
329 2485 498 2554 praeclara,
525 2483 550 2535 si
570 2482 626 2536 4119
644 2485 759 2554 placet,
786 2487 947 2540 emendatio
966 2489 1159 2542 dementiam.''
1181 2493 1252 2544 Orel.

98 2601 126 2651 4.
168 2603 195 2646 et
212 2612 296 2665 quum
313 2593 345 2646 de
362 2595 488 2664 antiquis
507 2595 631 2662 loquaris
657 2611 692 2645 ex
717 2593 773 2646 MS.
793 2595 880 2648 Fara.
899 2596 1026 2650 restituit
1045 2595 1178 2665 Lipsius,
1203 2597 1255 2649 'aed

30 2671 56 2720 in
77 2669 146 2721 edd.
167 2667 284 2719 demum
302 2674 406 2736 poster.
443 2664 535 2717 Verba
554 2673 679 2736 atquem
698 2666 866 2720 exciderant
885 2685 921 2719 ex
940 2669 1004 2720 edd.
1024 2669 1253 2736 1919114491.

30 2743 107 2794 llinc
126 2742 162 2792 de
181 2743 306 2810 antiquis
324 2740 445 2808 loquare
463 2741 582 2808 antiqua
599 2739 727 2790 libertate
742 2737 829 2790 dabat
857 2739 933 2792 Pitb.
956 2748 985 2792 et
1006 2739 1038 2790 de
1066 2743 1193 2810 antiquis
1217 2744 1256 2793 lo-

28 2833 113 2885 quem
131 2813 292 2866 19944.-
310 2819 384 2864 utere
402 2815 519 2881 antiqua
537 2811 680 2872 libertate,
698 2813 846 2882 παρῤησίᾳ,
865 2811 957 2879 qualis
976 2811 1032 2864 11111
1051 2813 1161 2864 liberae
1180 2808 1253 2882 reip.

29 2886 221 2955 temporibus.
258 2884 322 2948 „Ea
347 2883 390 2934 uti
416 2883 467 2934 sub
495 2882 661 2936 Caesaribus
678 2883 878 2952 periculosum
898 2891 967 2937 erat.
1006 2883 1144 2938 (11.1)114.
1163 2901 1208 2954 ep.
1227 2891 1255 2948 7,

28 2965 69 3014 13.
92 2955 660 3018 ε1111441.1111111.2,78,3944.
695 2957 816 3008 ubertate
835 2955 878 3009 ed.
898 2973 944 3024 pr.
972 2964 1058 3008 vetere
1076 2956 1120 3010 ed.
1140 2955 1253 3026 Gryph.

29 3061 61 3071 -
94 3051 113 3082 a
132 3049 191 3100 qua
211 3029 274 3081 edd.
293 3045 353 3080 rec.
374 3045 408 3081 ex
428 3028 538 3081 emend.
558 3026 688 3080 Freinsh.
710 3035 736 3080 et
756 3027 815 3080 Lat.
838 3028 944 3084 latinii
963 3027 1033 3080 bibl.
1051 3029 1085 3082 T.
1104 3030 1143 3082 ll.
1162 3045 1191 3098 p.
1209 3033 1253 3084 37.

28 3125 81 3174 qua
101 3103 170 3156 edd.
190 3108 247 3154 991.
281 3103 344 3153 tttox
363 3101 612 3171 degeneraverimna
623 3099 686 3152 edd.
700 3099 780 3169 lips.
812 3099 893 3166 Quod
913 3101 1049 3154 vitiosum
1068 3118 1184 3166 cense03
1207 3103 1254 3154 Or·

464 3280 655 3336 CAPUT
693 3281 820 3335 XXVlll.
931 3343 935 3348 ,

110 3395 157 3453 Et
178 3391 341 3454 Messala:
363 3392 440 3454 Non
462 3391 664 3471 reconditas,
692 3391 865 3470 Materne,
891 3411 1005 3454 994999
1027 3396 1178 3476 requiris·
1195 3413 1257 3452 nec

1 3535 2 3540 ,
29 3485 85 3539 ant
113 3477 183 3538 tibi
211 3479 276 3558 ipsi
298 3485 356 3536 941
376 3477 454 3538 11419
481 3475 634 3538 Secundo
663 3478 714 3540 vel
747 3477 826 3537 huic
848 3477 940 3558 Apro
961 3478 1107 3562 ignotam
1138 3479 1256 3538 911941

1 3551 2 3646 l
29 3563 111 3621 mihi
135 3569 251 3642 partes
274 3563 447 3660 assignatis
467 3558 659 3644 proferendi
680 3563 715 3620 in
736 3558 903 3639 medinm,
933 3579 1017 3641 quae
1045 3577 1156 3620 omnes
1183 3577 1257 3623 994-

1 3659 2 3706 1
30 3650 143 3704 timus.
198 3643 281 3722 Quis
303 3663 390 3704 94114
411 3645 558 3730 ignorat,
591 3653 624 3706 91
650 3645 868 3724 eloquentiam
890 3651 923 3704 et
944 3649 1069 3704 ceteras
1090 3652 1178 3702 artes
1201 3639 1257 3702 de-

1 3727 2 3732 ’
30 3730 171 3788 sciuisse
191 3727 232 3786 ab
254 3728 317 3786 ista
338 3735 450 3789 vetere
470 3729 594 3813 gloria,
616 3746 682 3788 non
704 3729 816 3808 inopia
837 3725 1030 3804 hominum,
1051 3723 1108 3790 994
1130 3723 1255 3786 desidia

1 3885 2 3890 ἵ
31 3811 220 3872 iuventutis
242 3818 275 3869 et
297 3812 494 3896 negligentia
521 3819 696 3893 parentum
725 3819 758 3870 91
785 3811 959 3872 inscientia
979 3811 1261 3891 419991419411441

1 3911 2 3966 t
31 3905 60 3955 91
80 3895 255 3956 oblivione
276 3895 377 3954 moris
399 3898 548 3976 antiqui?
592 3894 803 3974 9499111919,
833 3896 980 3974 primum
1001 3894 1036 3952 in
1056 3891 1146 3954 Urbe
1167 3899 1256 3966 4919,

32 3999 103 4038 mox
125 3995 191 4059 per
213 3975 342 4037 ltaliam
364 3980 448 4058 1499,
469 3981 535 4038 iam
556 3979 591 4038 in
636 3978 802 4038 revincias
816 3985 967 4050 manant3
990 3993 1176 4058 quanquam
1198 3991 1258 4032 no-

31 4069 98 4120 stra
120 4061 220 4121 nobis
241 4063 373 4122 notiora
394 4071 480 4123 sunt.
521 4062 589 4147 Ego
612 3997 653 4121 de
673 4059 763 4120 Urbe
784 4069 817 4121 91
837 4061 889 4120 his
910 4062 1058 4141 propriis
1079 4079 1118 4119 99
1139 4075 1258 4120 uerna-

32 4147 114 4205 culis
142 4145 239 4205 uitiis
267 4145 403 4225 loquar,
430 4165 515 4227 quae
541 4156 634 4206 natos
656 4145 766 4203 statim
788 4144 957 4224 excipiunt
977 4149 1010 4202 et
1029 4163 1091 4225 per
1112 4141 1257 4226 singulos

32 4230 150 4288 4919119
171 4225 296 4313 gradus
318 4229 553 4308 cumulantur,
584 4230 612 4288 91
644 4227 736 4309 prius
768 4223 808 4286 de
830 4228 1006 4287 9919911919
1028 4246 1065 4285 99
1087 4225 1258 4305 disciplina

34 4313 197 4372 maiorum
230 4314 321 4372 circa
348 4309 534 4374 educandos
561 4308 817 4390 forruandosque
845 4311 967 4372 liberos
998 4328 1101 4390 pauca
1129 4303 1260 4390 praedi-

38 4415 125 4457 xero.
172 4395 243 4457 lam
270 4398 416 4478 primum
446 4417 526 4460 9449
555 4397 675 4478 cuique
697 4395 805 4473 filius,
826 4413 865 4454 ex
886 4401 975 4455 99919
995 4401 1132 4474 parante
1153 4397 1261 4464 49149,
1306 4458 1310 4467 Ι
