2904 4802
180 211 243 274 tab
478 205 704 272 DIALOGUS
734 208 792 272 DE
815 203 1099 272 ORATORIBUS.

183 371 300 426 Ilubnk.
319 371 356 424 sd
375 369 466 425 Rutil.
509 375 581 428 .7s.
607 376 653 426 s.”
669 373 722 426 Dr.
760 372 842 426 Geni.
869 372 906 425 sd
934 387 996 443 cap.
1017 373 1060 426 18.
1089 374 1164 425 n.‘3.
1202 370 1277 441 quad
1292 371 1421 426 miiaiin

184 447 377 499 masuetudine
395 453 437 497 ast
462 389 525 498 edel.
545 445 623 515 hips.
645 453 672 498 et
692 445 745 499 rel.
766 463 782 500 c
801 463 826 499 c.
845 445 931 498 Fero.
951 463 978 496 v.
999 442 1034 496 sd
1053 459 1078 495 c.
1098 447 1123 496 1.
1144 460 1172 494 n.
1192 448 1218 499 3.
1232 474 1264 486 -
1286 463 1371 516 quas,
1389 449 1422 498 si

178 519 259 588 forte
276 515 327 570 boc
345 516 486 582 audirent,
505 525 609 570 certum
628 517 710 572 babeo
728 519 851 572 dicturos
870 517 933 572 edd.
948 513 1022 569 Pith.
1030 515 1082 568 Dri
1091 515 1135 570 Os.
1146 515 1194 569 Or.
1231 515 1326 578 uodsi¹
1333 515 1422 584 sorte

185 597 238 645 cet.
257 589 301 643 ed.
322 605 367 660 pr.
405 592 456 661 qui
479 593 506 643 si
522 588 603 658 sorte
628 589 689 644 edd.
720 591 781 643 Put.
811 590 904 644 Ilben.
930 597 960 643 et
983 595 1038 640 cet.
1077 587 1192 642 audient
1211 535 1290 642 dedit
1308 590 1418 642 Heum.

183 663 323 716 audierint
342 661 374 712 in
393 678 485 736 rnarg.
506 661 568 714 edd
590 663 667 732 Lips.
686 679 711 714 a.
731 665 803 718 1600
817 679 858 732 sq.
895 662 1004 726 Recte5
1023 659 1100 713 Brot.
1121 668 1149 713 et
1170 662 1217 714 Or.
1236 691 1273 700 -
1299 661 1420 714 dinn—

183 736 281 791 iaudos
311 735 374 798 „ita
392 733 456 787 dum
476 751 543 786 cum
563 734 685 788 Iudicat.
707 735 799 789 Praes.
820 735 908 788 etiam
927 734 959 785 in
978 731 1096 800 obliqua
1115 733 1249 788 emtione
1268 736 1421 788 construi-

184 818 239 862 tur.
260 827 288 860 v.
307 805 412 860 Heind.
432 805 468 860 ad
485 807 554 859 IIor.
575 805 631 860 Sat.
651 811 682 871 1,
702 809 734 874 5,
753 809 797 863 72
818 814 847 860 et
866 805 901 860 de
920 805 1137 860 constnrctIone
1155 803 1243 858 buius
1262 808 1418 860 coniunct.

184 877 337 934 Heius-iob
364 877 400 930 ad
424 878 486 946 Cic.
508 894 548 932 or.
568 895 622 948 pro
641 879 741 934 Tullio
760 878 790 950 §.
812 882 855 934 12.
875 896 903 950 p.
924 879 961 936 7⁵
972 895 1014 946 sq.
1034 877 1085 946 qui
1106 877 1194 932 etism
1215 879 1246 932 in
1265 879 1419 934 Addendis

184 953 219 1007 sd
238 953 296 1006 cie.
317 958 400 1006 oratt.
421 958 517 1022 partes
537 951 662 1004 ineditus
680 969 709 1022 p.
730 951 833 1005 XXIII.
853 951 982 1016 monuit,
1013 949 1045 1002 in
1068 947 1124 1002 hac
1143 965 1193 1016 rc,
1225 957 1259 1002 ut
1284 952 1316 1004 in
1344 952 1418 1006 aliis

130 1066 140 1080 .
183 1025 304 1090 multis,
324 1040 487 1098 congruere
506 1039 573 1076 cum
592 1023 693 1078 Tacito
713 1033 862 1080 auctorem
881 1023 1027 1096 Dialogi.”
1054 1025 1107 1074 Dr.
1146 1021 1188 1075 Gt.
1217 1023 1253 1076 sd
1270 1024 1346 1078 Anu.
1369 1029 1418 1088 12,

182 1102 236 1160 68,
256 1103 280 1154 1.
318 1105 416 1150 orator
432 1112 487 1166 pro
505 1099 614 1150 amori
632 1095 675 1152 ed.
694 1098 756 1150 Put.
777 1105 806 1152 et
824 1097 889 1150 Riv.
908 1122 945 1134 —
969 1099 1013 1150 ine
1033 1099 1084 1150 tiis
1101 1099 1170 1148 meis
1188 1097 1332 1164 plausisse,
1352 1105 1418 1150 stu-

183 1171 238 1223 diis
257 1169 373 1223 frivolis
392 1168 579 1230 aminneis,
603 1167 701 1223 Germ.
726 1173 845 1224 meinans
871 1168 1000 1237 Steckenp
1016 1167 1094 1231 arde,
1126 1166 1231 1220 Selenis.
1276 1169 1419 1242 Irseptiae,

182 1251 216 1296 ut
232 1260 277 1313 ep.
299 1242 358 1295 Cic.
379 1240 413 1294 de
432 1257 475 1294 or.
494 1244 529 1308 3,
549 1243 611 1305 19.,
643 1258 690 1295 res
717 1242 862 1306 rninutae,
897 1255 956 1293 non
982 1239 1088 1294 dinae
1116 1240 1242 1294 alicuius
1269 1259 1416 1312 persona,

181 1317 249 1370 Erre.
269 1315 341 1368 clav.
362 1313 422 1367 Gic.
459 1311 507 1367 Sic
527 1320 555 1367 et
573 1331 664 1386 nugae
682 1313 807 1384 aliaque.
838 1316 974 1384 pluuisse
999 1256 1062 1366 edd.
1093 1311 1171 1382 Lips.
1198 1312 1270 1368 Pith.
1299 1323 1328 1369 et
1350 1333 1414 1370 rec.

178 1393 317 1459 placuisse
336 1386 399 1441 edd.
419 1402 465 1456 pr.
485 1386 547 1440 Put.
568 1385 632 1440 Ber.
653 1383 743 1442 liben.
764 1395 838 1454 tres,
865 1385 931 1440 Ald.
951 1385 1054 1438 Franc.
1076 1383 1138 1438 Col.

613 1601 808 1662 CAPUT
848 1601 990 1658 mul..

265 1717 306 1778 Et
327 1714 516 1797 Maternus,
539 1714 627 1780 Mihi
653 1713 807 1802 quidem,
830 1717 959 1798 inquit,
983 1723 1173 1799 susceptum
1194 1734 1213 1775 a
1234 1722 1267 1776 te
1288 1729 1418 1774 munus

181 1799 263 1864 adeo
285 1803 452 1886 peregisse
473 1799 621 1864 nondum
641 1800 787 1880 videris,
826 1805 864 1860 ut
894 1799 1066 1862 inchoasse
1095 1807 1223 1860 tantum
1256 1805 1289 1860 et
1319 1799 1418 1859 velut

181 1887 322 1984 vestigia
349 1903 388 1946 ac
414 1885 612 1946 lineamenta
641 1881 802 1968 quaedam
824 1881 1007 1946 ostendisse
1028 1879 1184 1945 videaris.
1227 1879 1314 1942 Nem
1337 1884 1417 1962 qui-

181 1969 243 2030 bus
272 1969 396 2029 instrui
425 1975 556 2036 veteres
584 1976 735 2030 oratores
756 1967 845 2028 soliti
866 1969 934 2028 sint
954 1965 1086 2044 dixisti,
1122 1963 1417 2046 differentiamque

182 2059 316 2114 nostrae
344 2048 490 2113 desidiae
519 2060 553 2114 et
580 2053 774 2113 inscientiae
800 2047 961 2114 adversus
988 2051 1152 2111 acerrIma
1184 2057 1218 2112 et
1243 2047 1418 2110 fecundis-

182 2137 264 2196 sima
285 2151 402 2196 eorum
423 2131 533 2195 studia
554 2133 805 2198 demonstrastis
829 2142 941 2198 cetera
962 2141 1133 2216 exspecto,
1163 2141 1222 2211 ut,
1253 2131 1418 2213 wemed-

181 2215 316 2278 modum
339 2237 378 2278 ex
399 2225 432 2278 te
453 2215 570 2296 didici,
608 2217 689 2301 quid
714 2225 773 2278 aut
800 2217 849 2278 illi
871 2219 1014 2294 scirent,
1050 2223 1108 2277 aut
1129 2235 1189 2277 nos
1210 2217 1416 2294 nesciamus,

181 2304 228 2361 ila
248 2301 312 2362 hoc
333 2303 465 2383 quoque
487 2303 698 2387 cbgnoscam,
728 2301 847 2382 quibus
869 2299 1162 2362 exercitationibus
1184 2301 1320 2362 iuvenes
1343 2301 1417 2360 iarn

182 2392 216 2446 et
247 2385 358 2445 forum
386 2386 572 2470 ingressuri
600 2385 800 2446 confirmare
822 2393 855 2446 et
876 2385 964 2446 alere
985 2383 1118 2483 ingenia
1139 2403 1199 2444 sua
1221 2383 1310 2443 soliti
1331 2385 1415 2443 siut.

181 2465 300 2549 Neque
320 2467 410 2528 euIm
430 2477 502 2529 arte
524 2477 558 2532 et
579 2470 738 2545 scientia,
762 2465 820 2530 sed
836 2468 931 2552 longe
951 2485 1055 2552 magis
1077 2467 1231 2528 facultate
1252 2467 1416 2548 eloquen-

181 2551 261 2692 tiadm
282 2551 467 2629 connneri,
505 2571 565 2614 noc
586 2559 645 2630 tu,
681 2559 783 2636 puto,
814 2551 955 2623 abnues,
988 2550 1077 2612 ethi
1098 2550 1288 2639 significare
1310 2551 1416 2612 vultu

179 2635 347 2697 vientur.

263 2713 409 2796 Deinde,
431 2735 534 2800 quum
555 2717 647 2800 Aper
668 2726 702 2780 et
722 2715 894 2779 Secundus
915 2714 1002 2778 idem
1024 2718 1227 2789 annuissent,
1250 2714 1412 2793 Messala,

180 2801 274 2882 quasi
295 2819 415 2862 rursus
436 2803 619 2884 Incipiens:
664 2802 828 2882 Quoniam
860 2801 957 2862 inifia
988 2809 1022 2863 et
1042 2803 1168 2870 semina
1196 2801 1321 2862 veteris
1342 2802 1415 2862 elo-

180 2884 334 2964 quentiae
356 2885 435 2946 setis
457 2881 698 2946 demonstrasse
718 2883 836 2946 videor
857 2881 1021 2962 docendo,
1050 2885 1171 2967 quibus
1192 2885 1321 2946 artibus
1350 2903 1414 2944 an-

178 2967 265 3046 tiqui
294 2974 443 3028 oratores
472 2967 604 3028 insfitui
635 2965 829 3048 erudirique
860 2967 950 3028 soliti
980 2969 1063 3036 siut,
1101 2987 1283 3050 persequar
1315 2988 1414 3030 nunc

178 3049 450 3110 exercitatIonem
471 3067 609 3129 eorum,
646 3069 836 3133 quanquam
863 3052 946 3132 Ipsis
977 3049 1107 3112 arthus
1136 3053 1224 3114 inest
1243 3053 1411 3112 exercita-

177 3133 225 3190 tio
253 3151 314 3192 nec
343 3133 518 3213 quisquam
545 3135 719 3216 percipere
750 3141 800 3193 tot
829 3131 1016 3194 reconditas
1048 3144 1107 3195 aut
1127 3143 1195 3195 tam
1216 3135 1328 3196 varias
1352 3155 1412 3196 res

177 3221 303 3296 potest,
333 3215 399 3274 nisi
421 3221 459 3274 ut
480 3218 638 3278 solentiee
659 3215 846 3294 meditatio,
878 3215 1087 3278 meditationi
1108 3217 1269 3295 facultas,
1301 3219 1412 3278 lacul-

176 3299 238 3357 tati
258 3298 309 3360 vis
332 3299 540 3379 eloquentiae
560 3297 702 3362 accedet.
752 3299 816 3361 Per
840 3319 924 3380 quae
950 3300 1137 3384 colligitur,
1172 3297 1310 3362 eandem
1333 3321 1412 3364 esse

176 3382 339 3442 rationem
370 3389 404 3443 et
453 3382 658 3466 ercipIendi,
693 3401 777 3466 quae
805 3385 979 3464 proferas,
1015 3391 1048 3444 et
1079 3381 1286 3464 proferendi,
1318 3405 1411 3466 quae

174 3467 374 3546 perceperis.
444 3463 485 3526 ed
516 3469 544 3527 si
577 3469 632 3528 cui
653 3466 849 3528 obscuriora
875 3465 955 3526 haec
985 3463 1144 3528 videntur
1172 3469 1267 3549 isque
1295 3469 1411 3530 scIen-

174 3548 256 3608 tiam
277 3549 318 3610 ab
338 3550 576 3612 exercitatione
598 3560 746 3632 separat,
774 3547 810 3610 id
831 3555 921 3612 certe
941 3547 1116 3628 concedet,
1145 3551 1349 3614 instructum
1375 3559 1413 3612 et.

174 3630 308 3712 plenum
336 3632 387 3692 his
415 3633 544 3694 artibus
572 3635 719 3694 animum
749 3634 844 3718 longe
872 3633 1075 3714 paratiorem
1102 3631 1145 3694 ad
1166 3653 1221 3696 eas
1242 3636 1411 3696 exercita-

174 3714 282 3775 tiones
304 3723 505 3787 renturum,
529 3736 614 3798 quae
635 3719 793 3800 propriae
814 3715 904 3776 circe
924 3719 1107 3778 oratorium
1127 3714 1297 3780 vIdentur.

245 3849 271 3900 1.
311 3847 450 3902 inchoasse
478 3849 521 3905 ed.
546 3868 591 3920 pr.
616 3850 683 3905 Ald.
703 3858 733 3904 et
751 3865 810 3903 rec.
845 3847 985 3903 iacobum
1003 3850 1065 3902 Pus.
1085 3849 1151 3904 Ber.
1171 3851 1263 3906 Rhen.
1282 3849 1335 3904 Dr.
1358 3851 1408 3904 Os.

172 3915 285 3972 Iisdem
303 3920 462 3990 scriptura,
497 3929 531 3974 ut
549 3931 578 3976 et
595 3928 718 3983 ιἠεοανο,
755 3921 904 3992 reperitur
929 3921 961 3974 in
979 3937 1140 3976 monumm.
1160 3931 1232 3978 antt.
1253 3931 1281 3977 et
1300 3924 1409 3978 multis

173 3996 306 4044 veterum
325 3995 521 4063 scriptorum,
541 3996 665 4050 maxime
684 3993 771 4048 buius
790 3994 869 4057 sevi,
889 3993 972 4050 codd.
994 3993 1071 4048 MSS.
1092 4013 1213 4066 eamque
1231 3997 1410 4066 praeferunt

171 4059 325 4120 Diomedes
344 4065 366 4118 1.
386 4071 411 4119 1.
431 4083 459 4136 p.
479 4069 542 4124 ³62.
579 4068 726 4135 (inchoo
753 4066 911 4122 dicendum
931 4075 1020 4135 putat
1045 4067 1137 4128 Iulius
1154 4069 1305 4129 Modestus,
1333 4075 1408 4142 quia

169 4137 209 4186 sit
226 4141 406 4205 compositum
424 4158 442 4190 a
464 4139 559 4192 ctas.
596 4143 636 4194 At
666 4141 779 4196 Verrius
807 4138 921 4192 Flaccus
949 4144 979 4192 in
1006 4147 1109 4208 poster.
1134 4145 1194 4214 syll.
1215 4146 1407 4211 aspirandum

167 4210 304 4272 probauit.
342 4209 469 4263 Collum
491 4217 565 4266 enim
585 4214 662 4280 apud
685 4220 784 4266 netem
811 4213 957 4264 ›nuum-
977 4215 1006 4264 si
1025 4213 1139 4279 nificat:
1185 4216 1249 4270 tude
1275 4224 1406 4270 tractum

167 4281 354 4348 incohare.)
382 4281 523 4336 Scburall.
547 4283 583 4338 ad
606 4283 635 4339 b.
656 4286 674 4339 l.
701 4281 819 4338 Gesaub.
849 4291 878 4337 et
897 4283 997 4337 Ouden
1018 4323 1024 4338 .
1045 4285 1081 4337 ad
1100 4285 1178 4342 Suet.
1199 4288 1229 4340 in
1250 4285 1331 4342 Caes.
1353 4291 1403 4344 16.

165 4349 197 4402 in
214 4353 288 4429 Aug.
309 4361 351 4413 17.
370 4359 415 4414 92.
435 4359 479 4414 97.
508 4353 651 4413 Ghisbull.
681 4357 717 4410 sd
742 4371 869 4412 monum.
898 4354 1004 4428 Ancyr.
1024 4373 1053 4428 p.
1075 4361 1136 4417 191.
1165 4361 1253 4416 Drsk.
1272 4359 1310 4414 sd
1329 4361 1400 4416 Lis.
