2756 4792
412 209 733 276 cururxxxvr.
1128 185 1190 283 ue

13 373 52 428 ies.
67 377 92 430 ds
108 377 178 430 brev.
198 377 252 430 vit.
291 393 380 430 sermo
396 377 437 446 fit
453 377 485 428 de
503 380 558 439 iis,
591 397 658 448 quos
676 399 694 432 a
712 381 828 432 basilica
846 381 967 433 immissi
982 379 1088 434 demurn
1106 401 1187 436 canes

12 453 102 513 siin'unts
116 449 184 502 Pitb.
218 467 307 522 paene
325 449 389 503 edd.
409 467 454 519 pr.
471 451 531 502 Put.
547 451 611 504 Riv.
626 451 703 521 hips.
725 458 754 504 et
772 469 831 505 rec.
869 470 902 505 ac
912 469 999 521 paene
1012 453 1076 508 Ber.
1091 453 1184 508 Rhen.

10 529 60 582 tres,
75 522 125 574 Ald.
143 523 246 577 Frenc.
268 522 330 576 Col.
350 549 386 562 ·-
409 541 531 575 reorum:
556 523 589 575 in
608 523 652 576 ed.
672 541 718 594 pr.
737 541 836 578 rerum.
855 553 892 565 -
916 530 1079 597 assignatae
1098 531 1185 581 etiam

11 593 94 647 dnibns
108 599 283 656 inimicitiae,
303 595 370 664 quia
390 595 499 648 inrisae
517 603 721 666 praepotentes
741 596 858 662 domus;
876 598 953 670 Brot.
972 627 1009 652 ,-
1040 599 1107 652 binc
1121 619 1187 672 pro-

9 683 67 718 cerun
76 667 205 735 fanones
232 668 297 722 edd.
318 668 395 737 Lips.
417 686 432 721 e
452 686 477 720 c.
496 667 581 721 Facu.
609 668 667 731 (cf.
688 669 724 722 ad
742 685 767 722 c.
787 674 813 723 1.
834 688 861 722 ιι.
881 675 923 734 3.)
944 678 973 724 et
991 687 1050 725 rec.
1081 671 1188 740 factio·

9 757 37 791 ns
50 741 109 791 abest
124 741 154 794 ab
173 739 236 794 edd'.
256 748 361 794 vet.-
379 748 490 794 senatus
509 741 590 794 dedit
609 740 699 794 Rhen.
720 757 775 811 pro
794 747 952 804 senectutis,
973 752 1001 796 et
1019 745 1188 816 paulopost

9 817 84 882 aunis
100 813 169 883 hips.
188 830 244 883 pro
263 816 364 885 magis.
742 847 746 856 ·

52 890 71 938 3.
104 885 171 952 Quae
189 886 522 957 singula-exercebant
540 887 652 939 cilonem
670 891 825 957 temporum
844 891 1048 960 eloquentiam,
1085 889 1122 943 cf.
1152 889 1189 943 ad

9 971 23 1004 t·
36 961 66 1010 38.
83 976 106 1008 u.
122 963 144 1012 1.
182 958 282 1010 Burin.
303 957 338 1010 ad
359 958 434 1010 Veli.
455 962 489 1024 2,
510 963 570 1012 110.
601 966 629 1012 et
655 959 733 1030 inpr.
763 961 854 1014 Gron.
886 963 957 1014 obss.
976 963 1011 1025 2,
1031 966 1056 1016 d.
1077 979 1104 1031 p.
1126 966 1186 1019 183.

9 1025 98 1082 Fortasse
121 1031 175 1106 leg.
214 1031 288 1098 (luae
312 1033 467 1084 simultates
485 1037 527 1095 si,-
559 1031 604 1084 Os.
643 1031 699 1085 Sed
725 1034 917 1104 praeferenda
945 1034 1035 1087 lectio
1060 1035 1187 1109 vulgate.

9 1098 131 1155 ,Sententia
150 1104 228 1156 enirn
244 1102 319 1156 haee
337 1111 398 1160 est:
435 1119 508 1171 quse
535 1103 632 1156 orunia
659 1106 824 1173 etquidem
844 1107 1190 1180 siugulasuapropor·

9 1171 57 1226 ioue
78 1183 101 1228 et
124 1185 245 1246 propter
273 1177 408 1246 proprias
434 1193 531 1228 causas
559 1175 758 1232 distrahebant
791 1195 854 1231 rem
877 1178 1053 1248 publicam.''
1086 1181 1133 1233 Or.
1152 1207 1190 1220 -

9 1263 52 1302 ren
65 1250 191 1316 publicam
210 1249 364 1318 separatim
385 1248 588 1314 scribendum,
608 1265 668 1301 uon
686 1268 743 1304 una
762 1267 848 1317 voce,
869 1251 946 1320 quod
965 1251 1080 1304 monuit
1099 1253 1191 1306 Maius

9 1315 25 1366 ld
38 1318 82 1370 Cic.
100 1321 131 1373 de
149 1339 210 1391 rep.
231 1327 266 1387 1,
284 1326 310 1376 3.
339 1321 475 1390 quodque
494 1320 628 1372 firmatur
647 1322 721 1376 locis
740 1323 800 1376 cic.
821 1323 856 1376 de
876 1323 924 1376 off.
945 1329 977 1389 1,
997 1325 1048 1388 45,
1068 1329 1094 1379 3.
1115 1331 1144 1378 et
1162 1327 1189 1390 2,

9 1389 25 1448 i,
39 1395 70 1444 n.
87 1410 135 1446 uec
152 1409 212 1446 non
231 1393 327 1464 lapide
346 1393 377 1445 in
398 1394 525 1446 Miinteri
544 1392 743 1448 Nachrichten
769 1412 827 1449 von
845 1395 957 1465 Neapel
983 1397 1045 1448 und
1063 1395 1190 1450 Sicilien

9 1477 19 1511 ι.
31 1465 79 1516 til
97 1467 177 1520 Osan.
197 1495 234 1506 --
266 1475 314 1526 „et
340 1471 452 1537 magnis
469 1468 609 1518 cumulare
623 1471 759 1538 praemiis
777 1469 942 1522 uidebantur
960 1468 1030 1522 illae
1049 1469 1128 1542 leges
1148 1486 1191 1522 as·

9 1533 83 1602 ideae,
110 1539 251 1608 populare
271 1555 395 1602 nomen,
429 1539 601 1604 conciones,
640 1541 851 1606 accusationes,
881 1539 1021 1594 factiones
1049 1542 1191 1610 eloquen-

9 1603 61 1670 isu3
85 1611 159 1678 quod
182 1611 257 1663 mihi
285 1612 403 1680 quidem
423 1612 518 1663 minus
538 1613 716 1666 concinnum
736 1614 869 1680 videtur,
898 1629 982 1681 quam
1003 1613 1027 1666 si
1047 1613 1191 1666 scribatur

9 1684 100 1734 mutari
115 1700 153 1736 sc.
173 1683 237 1753 ipsa
255 1684 306 1736 illa
331 1684 417 1737 modo
440 1683 565 1753 prolata.
609 1685 741 1739 Fortasse
765 1703 850 1740 uerno
876 1693 943 1738 ante
967 1703 1014 1739 me
1039 1683 1133 1739 haesit
1157 1685 1190 1737 in

9 1751 98 1825 ’dg-ata,
125 1757 195 1825 quia
215 1756 413 1826 explicabant:
438 1761 550 1828 magnis
574 1761 712 1810 cumulare
728 1762 862 1832 praemiis
879 1759 1040 1810 uidebantur
1056 1756 1190 1810 homines

9 1819 43 1875 iios
65 1834 128 1880 tunc
150 1847 214 1883 rem
242 1823 399 1898 publicam,
422 1837 609 1899 capessentes.
656 1831 712 1884 Sed
737 1830 895 1884 accusativi
922 1830 1047 1882 alicuius
1074 1829 1190 1884 omissio

9 1897 72 1948 uior
88 1902 152 1952 est.’'
175 1903 260 1955 Orell.
299 1903 393 1955 immo
411 1906 550 1956 cumulare
569 1903 782 1972 elequentiam,
801 1903 830 1954 h.
845 1920 868 1956 e.
891 1917 953 1970 eos,
975 1902 1025 1972 qui
1041 1901 1094 1954 illa
1113 1909 1193 1955 cet‘e-·

9 1967 218 2039 ipssararent,
245 1980 329 2046 quin,
348 1981 454 2045 quanto
473 1981 585 2046 quisque
604 1983 659 2028 cet.
679 2004 715 2015 -
747 1984 850 2047 quanto
868 1981 979 2046 quisque
994 1978 1059 2046 plus
1077 1975 1191 2028 dicenda

9 2049 82 2107 neret,
99 2064 124 2096 r.
144 2047 181 2099 ad
198 2048 235 2098 H.
251 2049 278 2110 5,
292 2049 356 2109 8‚d.
368 2077 398 2087 -
418 2049 495 2119 apud
503 2053 645 2118 principes
665 2048 708 2102 ed.
729 2067 775 2120 pr.
796 2047 887 2102 Rben.
902 2051 929 2104 2.
944 2053 969 2104 3.
991 2055 1020 2101 et
1038 2064 1098 2100 rec.
1138 2057 1194 2101 aut·

9 2131 23 2164 r.
44 2117 79 2168 ed.
105 2120 166 2172 Put.
197 2119 262 2172 Riv.
286 2120 351 2172 Ber.
372 2119 464 2173 Rhen.
487 2127 511 2175 1.
552 2120 713 2190 Principes,
744 2129 778 2173 ut
803 2125 945 2192 principes
967 2123 1025 2174 uiri
1047 2137 1070 2172 c.
1090 2123 1127 2174 10
1144 2137 1190 2191 pr.

9 2189 113 2243 itabant.
151 2192 222 2245 Cato
241 2195 303 2260 plus
321 2193 398 2261 apud
410 2197 554 2262 principes
573 2194 616 2248 ed.
638 2207 683 2264 pr.
705 2223 737 2235 ·-
766 2197 831 2263 plus
850 2199 988 2256 notitiae,
1016 2211 1042 2245 v.
1063 2192 1099 2246 ed
1118 2209 1142 2245 c.
1162 2197 1189 2248 5.

9 2265 44 2312 .3.
60 2291 91 2302 -
125 2267 205 2335 apud
217 2268 322 2336 plebem
339 2267 462 2334 parabat
480 2267 543 2319 edd.
565 2283 623 2320 rec.
646 2285 680 2320 ex
700 2267 814 2321 emend.
834 2265 909 2319 Pitb.
930 2274 958 2320 et
977 2266 1054 2335 Lips.
1074 2265 1106 2317 in
1125 2264 1188 2318 edd.

9 2339 68 2386 nter.
103 2355 129 2388 a.
145 2341 187 2405 pl.
208 2339 347 2408 probabat
365 2337 427 2392 edd.
448 2346 505 2392 vet.
540 2341 664 2409 parabat
682 2357 720 2392 sc.
743 2339 814 2405 sibi,
849 2339 897 2392 vel
920 2355 975 2408 pro
1003 2338 1191 2407 comparabat,

9 2405 44 2456 ted
67 2407 180 2462 Ruhnk.
211 2411 251 2464 ed
276 2411 342 2468 Ter.
371 2411 447 2464 Eun.
467 2417 499 2476 3,
518 2413 553 2479 2,
572 2413 616 2468 35.
647 2411 786 2481 exemplis
810 2411 989 2477 illustravit,
1014 2412 1066 2464 Dr.
1106 2409 1190 2464 Gouf.

9 2493 39 2548 gr.
55 2484 85 2535 16
102 2492 176 2534 extr.

36 2553 57 2604 1.
90 2553 132 2607 Hi
154 2558 298 2610 clientelis
322 2561 588 2611 etiam.ecterarum
611 2560 761 2612 nationum
780 2558 982 2619 redundabant,
1012 2574 1039 2610 v.
1060 2555 1096 2609 ad
1116 2554 1191 2608 Anu.

9 2627 60 2682 ⁸55.
94 2629 148 2680 llic
167 2629 215 2683 ed.
237 2645 281 2699 pr.
300 2657 336 2668 —
364 2629 412 2684 bos
440 2636 512 2684 ituri
539 2635 570 2685 in
590 2635 752 2702 provincias
777 2635 967 2702 magistratus
990 2629 1192 2688 reverebantur,

9 2693 38 2746 tis
55 2696 227 2773 dignitatem
256 2702 417 2755 absentium
445 2703 477 2756 in
504 2712 605 2757 senatu
629 2704 786 2757 tuebantur
805 2711 906 2756 contra
925 2702 1113 2755 inimicorum
1132 2699 1193 2752 cri-

9 2765 148 2827 iustiones:
184 2775 271 2827 cuius
297 2776 341 2828 rei
372 2777 506 2846 exempla
534 2777 566 2828 in
587 2776 647 2830 Cic.
668 2793 732 2846 epp.
752 2776 788 2829 ed
808 2776 867 2830 div.
887 2776 993 2846 passim
1014 2780 1192 2837 occurrunt,

9 2837 67 2893 isle.
88 2875 116 2886 -
137 2846 189 2900 lios
209 2852 312 2900 reuersi
328 2849 453 2902 colebant
472 2848 535 2902 edd.
556 2850 635 2919 Lips.
659 2867 675 2903 e
694 2867 719 2901 a.
740 2847 828 2902 Facu.
848 2866 875 2900 v.
896 2847 932 2900 ad
950 2864 975 2900 e.
996 2852 1022 2902 1.
1043 2865 1072 2900 ιι.
1092 2851 1118 2902 3.
1144 2845 1193 2900 boe

14 2931 48 2982 pr.
65 2925 91 2970 et
102 2937 179 2973 cons.
194 2937 296 2973 occare
309 2923 385 2974 ultro
396 2923 558 2976 videbantur
574 2939 599 2976 o.
610 2921 699 2975 Facu.
708 2929 782 2975 teste
793 2920 893 2991 hipsio
905 2921 938 2972 in
948 2920 991 2974 ed.
1010 2937 1055 2990 pr.
1093 2917 1142 2972 bos
1152 2936 1194 2970 re-

9 2995 62 3040 ruri
81 2993 229 3044 colebant:
255 2991 286 3044 lsi
303 3001 331 3045 et
345 3013 392 3064 pr.
412 3003 439 3046 et
457 2998 615 3048 consulatui
633 3011 730 3047 uacare
748 3013 775 3047 u.
795 3013 824 3048 su
845 2993 908 3046 edd.
928 3001 986 3047 ret.
1008 3001 1036 3047 et
1054 2991 1098 3046 Os.
1136 2989 1193 3044 Sed

9 3068 92 3113 anari
108 3065 297 3140 signiticaret
315 3083 372 3130 eos,
392 3076 547 3137 antequam
568 3067 743 3121 decederent
761 3067 797 3120 de
814 3066 977 3136 provincia,
996 3065 1110 3118 ultimis
1124 3079 1193 3134 pro·

9 3135 119 3190 asnhtus
144 3137 302 3192 mensibus
327 3139 496 3209 obsequium
524 3140 703 3210 praestitisse
730 3139 840 3192 civibus
860 3139 1062 3208 eloquentibus
1082 3143 1194 3206 etpost

9 3201 83 3260 litum
103 3211 185 3264 idem
205 3213 307 3264 facere
326 3211 458 3266 desiisse:
485 3213 516 3265 id
534 3212 613 3282 quod
632 3211 788 3266 absurdum
809 3217 869 3275 εει,
892 3211 963 3264 Orcl.
1009 3209 1103 3264 Verba
1121 3224 1193 3277 quo·

9 3289 25 3328 {e
37 3283 216 3349 posteriore,
239 3284 363 3353 quaein
383 3285 446 3339 edd.
467 3293 524 3339 ret.
545 3285 696 3357 leguntur,
715 3285 792 3338 male
811 3283 1008 3337 defenduntur
1025 3301 1042 3336 a
1060 3280 1205 3334 Dronkio‘

18 3355 213 3422 explicantur:
243 3375 296 3425 per
318 3375 345 3410 se
368 3359 533 3412 uidebantur
549 3358 685 3412 destinati
701 3375 755 3412 esse
772 3364 918 3426 praeturae
937 3364 963 3408 et
981 3373 1052 3408 cons.
1091 3352 1194 3422 Suspi-

9 3421 132 3482 ritunen
151 3429 254 3499 possis
273 3430 457 3484 scribendmn
477 3448 537 3485 esse
556 3430 600 3484 bis
619 3437 647 3482 et
662 3439 810 3499 praeturae
829 3437 854 3481 et
872 3430 1032 3482 consulatus
1050 3442 1149 3478 uacare
1167 3443 1193 3477 u.

9 3507 48 3550 ,n
64 3519 106 3570 ap.
127 3503 209 3555 Plin.
235 3519 281 3571 ep.
302 3507 352 3566 1o,
371 3507 398 3558 7.
436 3506 511 3558 locus
529 3512 625 3565 uacat,
652 3511 680 3556 et
699 3504 732 3555 iu
752 3520 797 3572 ep.
818 3501 878 3554 Cic.
899 3501 934 3554 ad
953 3500 1032 3552 Brut.
1054 3502 1096 3552 17.
1134 3496 1195 3549 An·

9 3573 51 3622 tiae
68 3579 108 3626 ita
126 3580 228 3628 victus
249 3583 305 3636 est,
332 3584 365 3628 ut
383 3579 438 3630 alii
454 3585 583 3638 uacaret,
609 3577 683 3648 quod
700 3577 747 3629 ille
765 3575 897 3628 obtinuit.
936 3571 1066 3655 Verburn
1091 3569 1194 3654 saltem

9 3657 53 3694 tea
68 3646 254 3702 insolentius
271 3645 302 3699 h.
322 3647 342 3700 l.
363 3647 494 3714 dictum,
529 3650 583 3704 etsi
609 3647 753 3704 sententie
777 3664 837 3701 esse
855 3647 1009 3712 videatur,
1044 3643 1082 3695 iss
1107 3650 1195 3696 cuam

9 3723 203 3785 upeteutibus
226 3719 310 3773 datos
329 3721 417 3774 fuisse
436 3723 617 3790 consulatus,
651 3728 680 3776 et
707 3739 805 3775 seusus
824 3718 993 3773 reconditus
1012 3714 1197 3792 significetur

9 3785 52 3840 ibis
67 3811 164 3847 uocare
184 3795 270 3846 ultra
288 3794 476 3848 videbantur..

34 3865 53 3918 b
86 3885 170 3939 quum
191 3870 289 3920 etiam
307 3870 396 3920 inuiti
411 3869 450 3921 acl
463 3869 598 3937 populum
613 3865 842 3937 producerentur,
867 3864 949 3917 velut
967 3881 983 3915 a
1001 3861 1145 3922 tribunis,
1164 3866 1198 3912 ut

9 3941 87 3991 urent
105 3941 141 3994 de
160 3958 218 4005 re,
244 3954 319 4006 quae
339 3948 491 4016 ageretur,
511 3939 546 3992 ad
564 3940 722 4010 populum:
742 3945 775 3990 ut
793 3935 936 4006 Apuleius
955 3935 1095 4006 produxit
1114 3933 1198 4016 Cice·

9 4017 60 4060 nem
82 4014 209 4067 consule
243 4010 390 4076 Antonio,
425 4027 482 4081 quo
508 4019 642 4080 tempore
661 4011 789 4082 Philipp.
809 4010 858 4062 Vl.
879 4008 968 4072 dixit,
987 4009 1058 4061 Ern.
1096 4005 1140 4091 (Ji.
1162 4021 1197 4088 es.

9 4093 39 4132 ss.
54 4085 110 4139 Cic.
130 4095 161 4141 et
181 4082 319 4138 Ellendt
338 4084 372 4136 ad
392 4085 454 4139 Cic.
474 4085 555 4136 Brut.
575 4089 626 4147 60,
645 4086 726 4140 tw
744 4083 796 4136 Dr.
816 4110 853 4122 -
872 4085 929 4135 nisi
947 4085 1014 4151 quis
1033 4080 1148 4149 Lipsius
1167 4091 1200 4126 ιιι

9 4164 52 4224 ¹¹3·
73 4159 134 4212 edd.
161 4165 284 4228 poster.
305 4157 380 4209 coni.
419 4163 476 4210 nisi
493 4162 570 4227 quie,
605 4155 683 4226 quod
710 4156 741 4207 iu
767 4154 901 4207 ordinem
929 4169 1069 4223 recepere
1096 4149 1199 4202 ileum.

9 4228 98 4284 thh,
119 4230 218 4286 Bekk.
243 4228 321 4282 hun.
360 4229 417 4284 Sed
442 4235 499 4289 nisi
517 4234 582 4299 qui,
618 4235 651 4280 ut
676 4245 709 4281 ne
735 4231 797 4297 qui,
830 4229 857 4280 ei
874 4229 924 4298 qul
941 4225 1027 4293 (εἴτις)
1048 4231 1077 4276 et
1093 4226 1120 4275 si
1136 4237 1202 4291 quas

9 4295 66 4352 citur
113 4321 148 4360 ro
178 4307 274 4364 nisi,
303 4319 337 4354 ne
360 4311 389 4356 et
414 4309 442 4356 ei
458 4308 534 4374 quie,
565 4301 669 4372 aliquis
688 4308 717 4354 et
735 4301 840 4370 aliqua.
880 4295 922 4351 Gi.
944 4297 979 4350 ad
998 4312 1060 4366 cap.
1079 4298 1106 4350 3.
1125 4310 1154 4345 ιι.
1173 4293 1201 4349 2·

9 4369 52 4424 nt.
69 4323 200 4430 adium,
226 4379 265 4438 1,
287 4377 385 4442 18,2.
405 4377 559 4443 6,,4.·14,
579 4377 605 4430 7.
625 4373 715 4427 Drak.
736 4370 773 4424 sd
790 4371 856 4423 hir.
875 4371 908 4436 3,
929 4373 980 4496 κθ,
999 4371 1024 4424 7.
1050 4363 1202 4422 Ruhnken.

25 4469 299 4542 mmmm
680 4545 682 4548 Ι
845 4443 892 4515 w
