2770 4792
184 191 247 252 232
617 177 866 244 semeonis
886 177 1008 243 Vl'l'd.

188 353 219 406 id
238 361 267 407 et
285 367 376 405 cures.
414 349 498 404 'llests
518 347 645 412 elisa,
666 351 691 400 1.
718 345 751 396 in
770 343 914 414 Hispania
938 343 1055 398 baetica
1078 351 1162 399 erant
1185 347 1370 402 conrenbuiu

186 425 276 478 ridioi
295 431 436 494 quatuor,
465 420 639 484 Gaditanus,
660 415 873 482 Cordubensis,
891 413 1087 491 Astigitanus,
1111 417 1308 488 Hispalensis3
1324 421 1370 472 brol

185 527 222 540 -
240 502 367 550 intentata
385 494 421 548 ad
439 511 485 548 res
504 500 533 546 et
552 507 643 544 ouras.
680 491 724 544 Gi.
752 489 790 542 ad
814 488 850 542 11.
877 491 909 556 6,
928 490 978 554 56,
997 491 1023 544 2.
1042 517 1078 532 -·
1106 496 1219 562 cupias
1242 497 1370 548 miserisne

186 587 272 639 mam
290 584 400 640 poenae
418 573 553 630 metor,
581 563 663 616 aera
691 562 727 616 de
786 577 853 616 nen.
883 577 928 630 ap.
948 559 1016 614 Tac.
1036 579 1065 634 p.
1083 566 1128 618 tt.
1165 563 1223 618 Sed
1240 571 1335 635 seqsias
1351 583 1370 618 es

186 641 217 694 id
232 642 282 712 qd.
302 657 387 712 saepe.
406 667 443 680 -·-
460 639 523 699 ubi,
541 643 711 708 postquam,
730 579 824 702 effide
841 631 1019 702 masuram
1038 643 1116 701 crat,
1136 639 1215 690 nella
1231 641 1322 701 uum,
1337 653 1370 691 nn

184 715 307 768 ulterius
327 721 389 766 erat
404 716 462 776 ’(11
479 713 557 763 ultra
581 727 605 762 o.
625 711 668 765 32
688 707 763 760 Anu.
794 709 891 772 1,17.
912 707 948 758 ll.
969 711 1002 773 1,
1021 709 1081 774 56.)
1101 715 1254 780 potants·
1276 727 1370 780 pessa

183 803 242 840 non
260 785 395 855 amplius
458 784 569 836 viorem
586 781 773 856 magistratus
791 795 945 849 personam
958 779 1094 833 induebat
1106 782 1252 858 agebatne.
1280 784 1370 837 Persona

183 867 215 910 ut
232 880 252 912 a
279 801 518 921 'oeronffi'rm
543 853 616 906 bino
641 859 757 922 partes,
783 868 858 920 quae
883 851 932 904 val
951 851 985 904 in
1003 867 1103 918 scena,
1132 855 1182 910 vel
1200 855 1232 908 in
1249 855 1309 908 rita
1325 871 1370 908 oon

180 879 425 1056 seimus„
445 927 550 1054 tte:
569 921 1370 1071 ludlow

247 1023 273 1056 n.
311 1020 350 1056 nu
436 1019 455 1052 u
553 1019 591 1052 o.
927 1035 934 1049 -
1253 1041 1259 1054 .
1297 1043 1303 1055 .

180 1075 268 1130 Beck.
290 1084 319 1129 st
337 1075 427 1128 Doed.
464 1017 663 1142 tuspsuppilet
689 1069 785 1124 induit
802 1084 839 1121 ex
857 1085 917 1137 seq.
937 1079 1062 1134 ment,
1090 1073 1139 1136 (cf.
1161 1073 1370 1136 1111111221

180 1151 223 1214 2.)
242 1146 293 1200 bie
312 1147 414 1220 egebat
432 1145 500 1200 coll.
521 1163 546 1198 e.
569 1149 610 1200 19.
630 1143 703 1196 Ann.
724 1147 759 1206 1,
778 1143 824 1206 35,
845 1145 969 1204 1.·et2‚
988 1144 1088 1208 26,2.
1108 1144 1182 1198 1111.
1204 1145 1241 1202 ll.
1262 1151 1292 1212 1,
1313 1149 1370 1209 19,ξ

180 1220 231 1272 sad
249 1237 343 1290 neque
361 1219 418 1274 boo
439 1217 575 1288 ellipaeos
600 1215 783 1284 exemplum,
815 1229 911 1282 neque
938 1213 991 1267 illa
1009 1215 1074 1268 loca
1090 1233 1158 1269 oum
1177 1226 1276 1273 nostro
1296 1233 1370 1272 conss

181 1293 283 1358 ninnt3
299 1293 419 1346 Drosike.
444 1289 487 1344 Gi.
502 1289 538 1342 ad
554 1307 580 1342 o.
590 1293 633 1345 19.
647 1291 708 1343 112.
726 1295 754 1342 et
768 1285 832 1339 lnd.
843 1285 897 1338 111.
915 1303 943 1338 v.
951 1286 1072 1358 Ellipaia
1085 1289 1163 1342 serbi
1174 1291 1260 1344 sabat.
1280 1291 1347 1346 Scal.
1360 1289 1370 1340 1

180 1367 273 1418 causis
288 1365 363 1441 ling.
383 1365 435 1418 lat.
446 1368 474 1430 3,
483 1367 527 1419 73.
541 1363 628 1415 haur.
637 1359 722 1414 Valla
734 1359 858 1432 elegant.
870 1362 898 1424 6,
905 1361 950 1415 21.
964 1361 1067 1416 Lectio
1074 1369 1172 1416 metra
1183 1361 1305 1416 debetur
1314 1362 1370 1418 libes

179 1437 231 1506 qui
249 1439 339 1492 etiam
358 1437 434 1492 coni.
471 1437 552 1488 aselle
571 1435 650 1488 ultra
663 1451 693 1502 p.
710 1449 858 1504 personasse
877 1435 1014 1486 tristitae.-
1032 1442 1060 1486 et
1078 1442 1133 1488 cet.
1151 1461 1189 1476 -·
1206 1440 1370 1490 tristitiam

179 1513 378 1582 amgaets'am
405 1519 432 1562 et
457 1511 631 1562 sevitiam.-
666 1505 767 1572 „Vitia
795 1503 978 1573 praesidibus
1005 1505 1205 1578 iudicibusque
1231 1510 1370 1578 quandoqn

178 1583 271 1636 solite.
310 1585 471 1637 litantium
490 1579 575 1634 affert
600 1578 765 1644 morositas,
792 1580 989 1648 arrogantium
1013 1587 1154 1650 potestas,
1184 1587 1370 1636 avaritiaene

177 1655 284 1724 piditas
303 1656 383 1710 veli
453 1651 707 1722 corrumpentium
731 1667 786 1704 ers.
829 1648 907 1716 Quae
932 1650 1070 1706 adversus
1092 1653 1168 1708 ritis
1194 1656 1370 1726 sapientississ

178 1737 296 1781 cantum
319 1729 432 1805 legiae
458 1727 602 1782 Romanis.
631 1723 787 1850 r.Di5.l.
808 1727 833 1778 1.
858 1723 904 1776 tit
932 1727 976 1780 16.
1005 1723 1042 1780 de
1066 1725 1116 1780 off.
1140 1744 1223 1798 proc.
1249 1738 1279 1783 et
1302 1731 1370 1804 legat

177 1801 345 1876 Agricolam
363 1818 434 1856 vero
453 1802 494 1854 ita
513 1797 698 1853 commendat
741 1797 843 1860 scitus,
862 1805 896 1850 ut
915 1814 952 1851 ne
971 1797 1035 1868 ipsa
1052 1799 1171 1869 quidem
1189 1801 1320 1858 iustitiae
1337 1820 1370 1872 sps

178 1875 247 1939 cies,
267 1892 354 1945 quam
369 1875 484 1930 Gellius
503 1877 582 1938 11,1.
603 1889 619 1924 a
637 1870 799 1941 pictoribus
818 1869 1017 1924 adumbratam
1036 1871 1146 1940 laudat,
1165 1875 1203 1930 sit
1219 1875 1370 1947 pulcbrloe

177 1947 254 2000 Brea.
292 1947 461 2011 tenattem,
488 1945 605 2016 qualem
629 1959 700 2014 prae
723 1961 753 1998 se
779 1945 858 1996 ferre
888 1943 984 1998 solent
1008 1943 1169 2016 debentque
1196 1963 1370 2018 nonnunqua

178 2020 237 2072 viri
262 2022 386 2075 summis
410 2019 569 2074 honoribus
594 2016 739 2087 praediti,
769 2019 814 2069 sin
841 2024 961 2081 emata,
989 2018 1095 2080 balta,
1124 2021 1258 2091 flantem
1289 2022 1370 2075 mse

177 2094 268 2147 Klein.
306 2095 463 2164 Proprium
489 2091 587 2145 vocab.
611 2091 648 2144 'de
668 2088 800 2142 affectata
818 2105 932 2142 snomm
951 2091 1120 2156 severitate;
1148 2094 1242 2162 Spold.
1262 2095 1298 2148 ad
1317 2095 1370 2160 Quis

177 2167 222 2219 til.
241 2183 372 2236 prooem.
385 2167 426 2222 15.
465 2163 513 2218 Sic
532 2167 627 2218 tristis
646 2171 676 2216 et
693 2164 820 2216 tristitia
837 2161 913 2214 Ann.
935 2167 979 2229 ll,
998 2167 1043 2220 21.
1066 2165 1126 2219 (lic.
1148 2166 1184 2220 dc
1202 2170 1285 2234 onz
1305 2173 1346 2224 11.
1365 2165 1370 2220 i

176 2239 260 2292 verr.
281 2237 343 2292 Act.
364 2245 390 2305 1,
410 2243 454 2296 1⁰.
474 2237 553 2292 Suet.
573 2239 644 2291 Ner.
662 2239 707 2292 23.
727 2233 794 2288 Ter.
808 2233 897 2286 Andr.
918 2237 985 2302 5,2,
1003 2241 1046 2293 16.
1065 2265 1102 2278 ·-
1119 2239 1299 2312 Arrogantia
1317 2239 1370 2316 vulp

177 2310 312 2363 redditur
339 2311 438 2366 Geren.
459 2309 616 2363 Hoebmutb
635 2309 684 2362 vel
701 2309 914 2378 Anmaasaung,
941 2316 971 2362 at
990 2307 1017 2376 (a
1036 2311 1170 2366 Pastorio
1183 2316 1208 2376 2)
1230 2315 1263 2366 in
1283 2311 1370 2384 Ephe

177 2383 224 2434 lit.
245 2383 309 2436 Hal.
332 2403 356 2438 a.
377 2385 456 2441 1822.
476 2401 515 2438 se.
535 2386 598 2440 232
631 2379 941 2452 ebrsurcbtgebistmdea
965 2382 1107 2447 Aristeu,
1138 2384 1217 2438 Gall.
1246 2391 1294 2440 air
1320 2392 1369 2455 imp

176 2464 250 2510 anast.
289 2455 345 2510 Sed
363 2456 437 2512 bene
456 2465 557 2510 monet
574 2451 692 2510 Walcb.
713 2455 913 2524 arrogantiam
931 2451 960 2504 b.
982 2454 1002 2506 1.
1024 2463 1053 2509 et
1071 2471 1134 2528 cap.
1155 2459 1354 2516 1611211111.

176 2529 220 2584 72.
241 2527 303 2582 cie.
323 2530 405 2583 Verr.
426 2535 481 2584 act.
501 2534 534 2594 1,
554 2533 580 2586 6.
600 2528 665 2580 niv.
684 2527 724 2592 5,·
738 2529 763 2581 8.
783 2529 836 2592 37,
855 2528 900 2582 56.
928 2525 1018 2580 tribui
1037 2526 1205 2584 hominibus
1224 2533 1337 2586 altioris
1355 2545 1369 2582 u

178 2601 265 2665 dinis,
287 2601 338 2670 qui
358 2619 394 2654 ex
414 2601 465 2669 iis,
485 2599 632 2672 quaesibi
652 2599 811 2653 debeantur
829 2605 859 2652 et
877 2599 940 2653 iure
960 2599 1041 2676 exigi
1059 2603 1186 2671 possint,
1205 2603 1284 2656 nibil
1304 2601 1369 2658 renni

105 2669 107 2676 '
177 2681 256 2739 unt,
278 2691 315 2728 ne
333 2674 492 2728 minimum
511 2674 644 2744 quidem,
665 2671 862 2725 Hodeitaatola
901 2673 982 2726 Infra
1009 2680 1107 2727 tamen
1126 2691 1151 2728 c.
1173 2679 1217 2732 16.
1236 2683 1369 2748 arrogent

177 2747 229 2798 vul
251 2746 296 2799 ari
314 2765 398 2800 sensu
418 2747 620 2818 accipiendum
638 2745 766 2798 videtur.
786 2773 823 2786 -
840 2753 869 2796 st
886 2749 1054 2808 aemesam,
1082 2747 1185 2805 verba,
1210 2767 1285 2818 quae
1305 2749 1369 2802 muli

177 2763 260 2872 abb
280 2819 300 2871 l.
321 2820 419 2872 aliene
438 2827 467 2872 et
486 2817 640 2881 elicienda,
661 2818 814 2870 nonnullis
829 2825 966 2887 corrupta
979 2817 1160 2885 videbantur,
1178 2829 1213 2874 ut
1222 2821 1356 2876 Acidalio

177 2889 320 2959 Rumpfio.
360 2891 417 2943 lile
437 2891 513 2945 coni.
533 2893 694 2943 amaritiem
713 2897 742 2944 ct
759 2890 994 2954 amaritudinem,
1011 2887 1064 2943 bic
1081 2899 1287 2957 auennensem,
1307 2895 1369 2950 Gen

180 2961 446 3030 Unsmundlirbteit.
489 2962 547 3016 Sed
571 2961 628 3016 boo
656 2980 672 3014 a
698 2961 787 3015 ductu
815 2962 971 3016 literarum
999 2963 1084 3016 nimis
1103 2965 1204 3020 differt
1221 2975 1251 3022 et
1269 2976 1369 3022 neutro

177 3037 241 3088 fere
259 3053 275 3088 a
293 3038 429 3088 vestitis.
466 3035 618 3090 Ernestius
644 3041 673 3088 et
692 3033 788 3088 Oberl.
808 3035 965 3105 putabant,
995 3041 1148 3092 mansam
1172 3057 1265 3093 saum
1295 3042 1369 3110 impe

178 3107 243 3177 prie
262 3105 373 3160 dictum
392 3123 452 3162 esse
470 3123 539 3178 pro:
560 3125 593 3160 ea
610 3106 697 3176 plane
715 3123 834 3172 oarere;
859 3108 931 3174 alii,
951 3113 1106 3163 avaritiam
1125 3109 1155 3164 h.
1175 3113 1196 3166 1.
1216 3131 1277 3168 esse
1299 3127 1369 3166 seres

178 3186 268 3232 tatem
287 3179 319 3230 in
338 3179 490 3254 exigendis
509 3179 643 3245 tributis,
663 3179 713 3233 vel
731 3179 835 3232 iustam
854 3197 1041 3251 severamque
1061 3183 1203 3238 bonorum
1220 3186 1369 3256 publicoru

179 3251 471 3306 administrationem.
517 3252 642 3305 Guinem
667 3268 738 3306 vero
764 3252 905 3306 eiusmodi
929 3253 1189 3324 interpretationes
1213 3259 1369 3324 arridebun

179 3323 282 3392 Neque
301 3324 495 3391 satisfacient,
515 3341 589 3394 qnae
608 3324 760 3377 annotavit
779 3323 865 3377 Brok.
885 3325 950 3380 scil.
972 3335 1033 3381 non
1059 3343 1119 3382 esse
1142 3330 1221 3398 quod
1237 3329 1369 3396 haeream

106 3429 110 3442 .
179 3395 212 3448 in
229 3401 369 3450 uendite:
397 3413 460 3451 eam
484 3397 563 3450 enim
591 3397 632 3449 ita
658 3395 795 3450 Romanis
821 3396 943 3452 insitam
961 3399 1049 3454 fuisse
1068 3409 1097 3454 et
1114 3401 1150 3454 ad
1169 3403 1265 3472 ipsam
1284 3405 1368 3456 illors

178 3476 313 3522 naturam
330 3469 519 3540 pertinuisse,
539 3477 571 3522 ut
589 3469 622 3521 ab
642 3469 705 3522 illis
724 3469 820 3524 abesse
839 3471 1008 3540 nequiverit
1026 3480 1116 3542 utque
1134 3475 1169 3527 ab
1188 3491 1222 3530 eo
1241 3476 1315 3529 inde
1334 3484 1368 3528 te

113 3571 116 3578 ⁴
177 3555 251 3611 pore
268 3559 316 3596 ras
335 3541 415 3596 liom.
434 3555 550 3612 pessum
570 3542 615 3595 ira
633 3541 798 3610 inceperit,
825 3559 882 3611 quo
909 3543 981 3598 lines
1004 3545 1124 3616 imperii
1142 3548 1295 3617 prolatare
1317 3558 1368 3600 nat

179 3631 287 3683 nesque
311 3615 389 3667 orbis
415 3614 589 3685 proculcare
614 3614 744 3668 desierit,
783 3614 827 3668 cf.
855 3615 892 3669 ad
910 3633 935 3669 o.
962 3619 1124 3674 12.·n.1o.
1163 3621 1310 3691 „Propria
1330 3637 1368 3674 vo

179 3685 222 3738 vis
242 3686 330 3740 unice
349 3703 419 3740 vera
443 3695 471 3740 et
496 3685 524 3740 b.
545 3687 566 3738 l.
586 3694 661 3756 apta.
699 3685 840 3762 Agricola
867 3703 927 3741 non
956 3690 1074 3758 quidem
1094 3699 1198 3745 natura
1216 3711 1324 3748 ancras
1342 3696 1368 3746 fu

178 3765 212 3810 nt
230 3775 284 3811 nec
304 3763 399 3813 tristia
415 3768 443 3814 et
461 3777 609 3830 arrogans,
628 3758 678 3811 sed
695 3763 765 3812 sotis
777 3757 942 3827 sociandum
960 3771 1020 3816 erat
1039 3759 1135 3832 officio
1155 3773 1184 3818 et
1202 3765 1368 3838 obtempera

179 3831 249 3882 dum
270 3831 413 3884 mendatis
432 3832 618 3904 Vespasiani,
639 3831 689 3900 qui
708 3839 737 3886 et
756 3832 817 3902 ipse
835 3851 938 3887 avarus
957 3835 1028 3900 tuit,
1057 3835 1107 3890 sed
1125 3838 1233 3891 aerarii
1254 3839 1361 3910 inopia

179 3903 243 3956 labe
261 3903 381 3954 urbium
401 3905 436 3956 ad
454 3923 543 3959 novas
558 3905 749 3976 vectigalium
761 3905 916 3974 pensiones
928 3909 1120 3976 exquirendus
1134 3919 1257 3964 coactus.
1269 3931 1297 3964 v.
1310 3911 1368 3968 Aut

179 3976 256 4026 vict.
277 3972 312 4027 de
332 3973 410 4028 Caes.
429 3981 455 4032 9.
494 3979 573 4030 Hinc
598 3981 722 4054 pucritia
746 3975 775 4028 11.
796 3979 815 4031 l.
836 3997 948 4032 sunnine
966 3981 997 4032 in
1017 3981 1063 4034 exi
1086 3983 1167 4036 endis
1186 3983 1311 4038 tributis
1332 4001 1368 4038 se*

180 4047 257 4100 ritas.
295 4047 403 4100 Aoum
422 4049 507 4102 etiarn
527 4049 664 4104 licinanis
683 4049 834 4104 dicebatur
852 4069 956 4121 perum
977 4052 1055 4108 liber
1087 4055 1118 4120 's,
1138 4073 1243 4126 parcus
1263 4065 1293 4110 et
1316 4065 1368 4112 ten

179 4137 206 4171 v.
228 4119 289 4172 cio.
310 4121 393 4172 Verr.
424 4125 455 4187 3,
475 4124 536 4180 82.”
565 4121 669 4174 Wolcls
709 4122 751 4175 Gi.
772 4123 808 4176 ad
826 4123 901 4178 Ann.
920 4129 952 4191 3,
972 4127 1015 4180 55.
1045 4134 1073 4178 et
1101 4127 1179 4182 Suet.
1200 4129 1287 4199 Vesp.
1313 4135 1361 4186 16.

180 4209 228 4244 nee
251 4195 314 4253 tut,
337 4193 412 4262 qued
435 4203 476 4248 est
507 4200 702 4258 rarissimum,
729 4204 779 4248 cut
799 4194 932 4264 facilitas
960 4203 1169 4264 auctoritatam,
1197 4211 1247 4254 aut
1277 4220 1368 4262 acerra

179 4281 301 4316 amorem
325 4265 478 4330 deminuit,
503 4286 530 4321 r.
550 4267 586 4321 ed
605 4267 678 4320 Ann.
704 4267 800 4333 6,15.
839 4269 894 4334 „ld
913 4271 1039 4325 maxime
1064 4275 1202 4328 cavebant
1225 4275 1313 4348 leges
1335 4277 1368 4332 ln

180 4336 215 4388 ln
233 4337 299 4412 Dig.
320 4339 340 4391 1.
361 4343 385 4394 1.
405 4339 451 4392 tit.
473 4343 514 4396 18.
535 4339 570 4394 de
590 4340 639 4395 off.
679 4341 1166 4418 Praesidisleg.19.exssallistr.
1207 4347 1368 4406 Οῠιινυαηε
