2846 4802
129 227 191 291 300
425 223 650 294 DlALOGUS
679 229 738 293 DE
760 226 1046 292 ORATORIBUS.

130 397 158 443 at
174 391 278 446 amem
294 401 468 466 cogatur-
485 395 622 468 gandium
638 397 762 450 columae
789 393 872 447 locus
897 394 944 446 ina
1039 391 1075 448 de
1094 391 1188 448 aeteri
1206 393 1380 448 recitatio-
1416 384 1419 422 ²

130 481 199 516 num
222 465 355 521 instituto
381 475 411 521 et
436 483 519 522 more
538 469 610 535 illo,
629 469 696 538 qui,
722 485 739 520 a
757 409 1096 527 Graecorumwaiisae
1118 467 1181 519 sive
1206 463 1380 541 ἀκροάσεσι

122 535 312 608 desumptus,
332 539 409 594 abA
485 541 598 596 tiaeao
617 539 758 604 invaluit,
789 538 868 608 (nam
896 545 964 592 ante
989 538 1067 592 illud
1090 539 1271 594 mentionem
1295 539 1379 593 eius
1410 541 1422 586 ’,

127 607 194 661 tisri
223 627 282 664 non
305 611 425 666 memini
473 621 503 668 et
516 613 645 667 'durarit
668 629 760 682 usque
787 611 825 664 ad
851 611 940 664 finem
962 609 1079 665 Saeculi
1107 631 1124 664 a
1147 618 1215 666 nato
1234 611 1379 666 (llas-isto
1411 615 1422 646 ·-'

128 681 217 746 sexti3
240 683 342 738 &iere
362 685 431 740 coli.
451 684 605 740 Fortunati
629 701 718 739 canu.
738 689 770 750 3,
788 687 833 741 23.
872 683 994 737 Scilicet
1018 683 1127 738 Rornae
1144 683 1377 756 his-tempori·
1410 711 1415 719 ·

127 751 178 805 bas
196 764 313 824 poetae,
333 755 465 812 historici
482 765 512 814 et
530 765 675 822 oratores,
704 773 894 828 Quocunque
913 756 1102 826 scripserant,
1129 763 1196 811 ante
1216 775 1314 828 quam
1338 773 1380 810 ea
1406 762 1418 792 ’τ’

127 825 299 900 vulgarent,
318 830 368 884 vel
386 830 465 883 domi
484 830 584 900 paucis
603 831 706 882 amicis
725 829 906 894 convocatis,
932 829 981 882 vel
1000 829 1031 882 in
1050 827 1174 882 aedibus.
1188 838 1216 882 et
1234 829 1377 900 quidem
1408 833 1419 848 ‘

126 896 159 948 in
178 897 260 953 atriis
278 899 453 972 plerumque
464 902 671 974 'porticibosre
689 919 788 955 earum
807 901 882 954 laxis
899 900 1085 976 magnisque,
1115 917 1188 970 quae
1206 902 1378 956 tenuiori·
1403 905 1422 938 'i

125 969 176 1023 bus
202 973 456 1028 commodabantur
479 973 670 1029 editioribus
688 973 908 1042 nobilibusque,
936 973 986 1026 vel
1012 973 1137 1042 denique
1165 975 1295 1043 publicis
1322 975 1379 1027 lo·

125 1041 181 1110 cis,
202 1041 234 1097 in
252 1063 357 1122 magna
373 1046 526 1102 bominum
545 1064 666 1114 corona,
686 1047 810 1102 recitare
829 1046 969 1099 solebant.
1008 1045 1089 1112 Quod
1108 1046 1276 1100 institutum
1303 1047 1379 1098 ini·
1405 1083 1413 1089 -

123 1113 166 1168 tio
183 1119 366 1187 praeclarum
383 1120 440 1173 tuit
468 1128 498 1176 et
516 1119 683 1175 excolendis
712 1119 837 1205 ingeniis
862 1118 1004 1187 librisque
1023 1118 1208 1172 emendandis
1225 1120 1378 1172 utilissi-
1402 1135 1418 1162 ·-·

123 1203 222 1241 mum:
239 1192 326 1261 pauci
344 1192 425 1246 enim
443 1192 524 1263 iique
542 1193 653 1247 subacti
671 1192 776 1244 iudicii
794 1192 852 1243 viri
872 1190 1087 1254 invitabantur,
1107 1199 1140 1243 ut
1158 1191 1260 1258 libere,
1281 1193 1379 1261 quid
1421 1225 1422 1235 .

125 1261 269 1316 sentirent
292 1281 425 1334 quaeque
453 1265 508 1318 sibi
535 1282 639 1337 parum
657 1263 806 1336 probanda
824 1263 1015 1329 riderentur,
1044 1271 1258 1332 expromerent.
1304 1265 1377 1318 Ve-
1412 1281 1415 1293 ·

126 1348 190 1386 roan
220 1337 396 1391 consuetudo
424 1338 478 1391 ista
503 1339 610 1392 sensim
640 1336 821 1408 contemptui
846 1353 905 1390 esse
934 1336 1040 1406 coepit.
1079 1337 1154 1389 Nam
1181 1337 1379 1392 recitatores
1422 1364 1423 1381 ÷

125 1419 185 1457 non
202 1408 337 1476 precibus
355 1417 470 1463 tantum
488 1412 538 1464 vel
557 1411 650 1486 gratia
669 1417 698 1464 et
715 1410 889 1463 auctoritate
908 1427 973 1472 sua,
1002 1408 1052 1462 aed
1077 1409 1215 1478 praemiis
1234 1426 1379 1479 quoque
1409 1431 1415 1439 ’

39 1513 43 1520 ·
145 1479 280 1548 ropositis
305 1481 429 1536 clientes
459 1482 619 1537 aliorumve
643 1483 796 1537 hominum
823 1489 853 1535 et
878 1481 1084 1551 imperitorum
1110 1481 1224 1535 turbam
1243 1483 1282 1536 ad
1307 1502 1377 1536 au·
1403 1525 1416 1551 ·,

157 1550 263 1606 endum
291 1553 445 1608 eliciebant
473 1571 506 1609 eo
532 1555 671 1618 consilio,
704 1564 737 1608 ut
761 1554 876 1631 singula
904 1569 955 1608 ore
974 1554 1111 1624 pleniore
1129 1554 1285 1608 laudarent
1311 1557 1376 1610 vel
1402 1579 1422 1606 ·.

124 1620 278 1678 incondito
296 1627 464 1697 exciperent
483 1628 612 1681 clamore
630 1645 665 1681 ac
681 1628 801 1698 plausu,
828 1626 905 1680 unde
923 1629 1029 1681 claanor
1044 1645 1133 1698 uagus
1152 1635 1178 1679 et
1196 1645 1272 1681 vaces
1295 1633 1378 1682 iaaa-

123 1711 185 1756 nea,
212 1697 436 1754 acclamationes
462 1701 533 1754 illac
557 1700 667 1774 ὀρθαῖς,
692 1700 798 1763 καλῶς,
822 1699 927 1770 σοφῶς,
954 1702 1056 1764 delos,
1084 1691 1133 1767 ai,
1152 1691 1226 1772 εὖγε.
1244 1701 1377 1776 ὑπέρευ,
1416 1725 1422 1760 :

124 1783 205 1839 euge,
223 1755 300 1832 lene,
315 1771 442 1844 pulchre,
459 1773 543 1835 delle,
563 1776 649 1825 recte!
670 1774 821 1826 Praeterea
838 1791 872 1825 ne
890 1771 921 1824 id
936 1773 1043 1844 quidem
1060 1775 1171 1843 gratim
1188 1792 1254 1828 nane
1273 1777 1377 1829 reci·

125 1845 203 1895 tator
226 1850 254 1896 et
270 1844 381 1898 domum
398 1853 564 1906 mutuatur,
592 1845 675 1900 aedes
693 1845 827 1899 ruinosas
847 1852 876 1896 et
900 1845 981 1898 omni
1005 1845 1190 1914 supellectile
1210 1857 1376 1910 carentes,
1403 1873 1417 1904 r.

125 1919 151 1964 et
168 1915 312 1970 auditoria
330 1922 462 1980 exstruit,
488 1926 517 1970 et
534 1918 664 1972 subsellia
684 1918 828 1978 madescit,
858 1933 931 1985 quae
950 1916 1097 1972 afferenda
1116 1927 1182 1971 sunt
1201 1927 1229 1972 et
1248 1937 1377 1990 repor-
1421 1947 1422 1974 1

124 1987 227 2052 tanda,
247 1997 275 2042 et
292 1991 412 2054 libellos,
439 1991 549 2061 scripta
566 1990 683 2056 brevia,
712 1989 816 2059 quibus
835 1989 980 2044 auditores
999 1989 1181 2056 invitantur,
1200 1993 1377 2064 dispergit,

125 2057 283 2114 distribuit.
322 2062 364 2116 Cf.
385 2079 448 2134 cap.
469 2066 512 2119 15.
534 2081 562 2117 n.
581 2068 607 2120 3.
646 2063 722 2116 Plio.
744 2079 789 2132 ep.
809 2067 843 2128 1,
862 2066 906 2118 13.
925 2065 1005 2130 2,7.
1026 2066 1068 2117 11.
1089 2068 1122 2129 3,
1141 2068 1183 2119 18.
1203 2069 1239 2131 5,
1258 2071 1286 2122 3.
1319 2073 1375 2125 13.

123 2135 393 2202 3,17.7,17.3,
414 2139 457 2192 12.
494 2136 626 2190 luvenal.
645 2139 675 2202 1,
696 2140 711 2190 1
730 2163 767 2176 -·
785 2139 828 2191 13.
848 2137 881 2201 7,
900 2139 936 2192 30
954 2139 1052 2192 -17.
1080 2139 1194 2197 13,32
1213 2143 1258 2195 33.
1294 2139 1377 2196 Ho-
1403 2189 1407 2196 .

125 2211 179 2258 rat.
201 2206 284 2278 epist.
313 2211 343 2274 1,
374 2212 428 2273 19,
454 2209 489 2263 35
499 2224 557 2278 seq.
586 2216 615 2262 et
635 2215 786 2278 artpoet.
807 2212 1076 2278 trecentulam.
1114 2211 1189 2263 Pers.
1210 2216 1240 2278 1,
1261 2215 1302 2267 15
1329 2244 1378 2256 -
1410 2252 1419 2275 ,

123 2278 168 2332 23.
187 2279 223 2332 50
241 2307 277 2319 -
294 2282 340 2335 02.
377 2281 452 2334 Plut.
473 2301 505 2334 na
524 2287 533 2334 l
550 2281 598 2336 roi
615 2278 738 2344 ἀκούειν,
765 2278 914 2350 Theophr.
934 2280 1013 2334 char.
1033 2284 1067 2347 2,
1086 2286 1111 2338 3.
1151 2283 1229 2352 lips.
1250 2301 1301 2354 ep.
1330 2288 1375 2340 ad
1403 2317 1407 2331 ·

124 2348 227 2425 Belgas
244 2355 279 2418 2,
297 2335 485 2408 refrenent
504 2301 574 2406 lex.
597 2352 695 2423 Antiq.
716 2353 797 2406 Rom.
817 2352 850 2405 T.
872 2353 924 2406 111.
944 2371 972 2424 p.
991 2356 1055 2412 230.
1075 2353 1209 2409 Soheffer
1227 2355 1263 2409 de
1283 2361 1376 2414 stilo
1404 2375 1422 2424 -ξ

126 2437 150 2474 c.
169 2427 196 2479 9.
215 2439 245 2494 p.
265 2427 356 2494 oesq.
375 2429 518 2482 102101.
556 2423 653 2495 spati.
679 2425 715 2477 ad
740 2425 864 2492 Quintil.
890 2431 926 2489 1,
945 2430 980 2492 2,
1000 2433 1044 2484 37.
1082 2427 1176 2492 „Adi
1197 2429 1373 2486 Heinrich.
1407 2467 1422 2496 2

125 2509 230 2548 comm.
257 2497 280 2550 1.
307 2495 343 2550 ad
360 2497 491 2552 haenel.
520 2513 549 2568 p.
570 2501 613 2554 18.
646 2496 808 2553 Weicbert.
838 2497 874 2550 de
899 2498 961 2552 vita
996 2509 1026 2553 et
1054 2500 1171 2570 scriptis
1197 2501 1373 2571 Apollonii
1412 2563 1417 2568 ,

125 2566 232 2620 llbodii
249 2585 278 2640 p.
297 2573 342 2625 13.
362 2587 391 2622 ιι.
411 2574 503 2641 211).
523 2574 566 2624 51.
586 2574 677 2626 ndi.
706 2579 735 2624 et
755 2570 862 2645 hangii
881 2571 992 2624 vindic.
1012 2581 1088 2646 trag.
1108 2573 1188 2626 llam.
1208 2591 1237 2643 p.
1257 2577 1309 2630 21.
1337 2597 1374 2632 n.
1415 2617 1422 2645 ,

125 2641 189 2695 352’
208 2641 239 2693 G.
258 2640 354 2696 Jacob.
374 2643 407 2696 in
425 2641 470 2697 ed.
489 2643 599 2696 Dronk.
619 2660 648 2713 p.
661 2645 724 2700 216.
762 2651 899 2713 cogantur
918 2644 961 2697 ed.
980 2661 1026 2713 pr.
1064 2646 1246 2707 auditorium,
1267 2665 1299 2702 s.
1328 2653 1376 2704 ad
1407 2687 1422 2718 .,

126 2725 188 2782 cap.
217 2717 260 2768 10.
287 2733 315 2767 n.
341 2719 368 2771 3.
404 2715 576 2770 auditorium
603 2715 646 2769 sd.
673 2733 720 2786 pr.
747 2714 839 2770 lilaea.
867 2717 893 2771 2.
913 2721 938 2772 3.
967 2723 996 2772 et
1020 2735 1078 2771 rec.
1116 2719 1288 2776 adiutorium
1314 2725 1373 2778 ed.
1420 2755 1422 2783 i

127 2785 189 2838 Put.
210 2785 273 2840 Ilia.
293 2787 358 2841 Der.
378 2786 469 2843 Rhea.
491 2794 516 2843 1.
1418 2785 1421 2852 ζ

197 2859 223 2913 5.
260 2867 288 2912 et
312 2867 346 2912 ut
370 2859 465 2928 (utut,
495 2874 679 2930 quanquam,
709 2859 733 2912 si
752 2861 800 2914 rel
820 2861 962 2927 maxime,
989 2869 1093 2934 gesetat
1110 2863 1173 2917 dass
1192 2863 1274 2931 auci)
1297 2867 1376 2922 bea-
1408 2859 1421 2926 ξ,

127 2933 251 2985 tissimus
269 2935 460 2986 recitationem
478 2939 535 2986 eius
552 2940 659 2984 eventus
676 2940 878 3004 prosequatur,-
904 2934 981 2987 unde
1008 2935 1080 2988 tales
1098 2937 1290 2992 recitationes
1315 2959 1377 2996 ra-
1420 2935 1421 2940 ¹

127 3005 256 3056 rissimae
282 3002 423 3057 dicuntur
448 3023 510 3076 cap.
531 3010 566 3059 10
582 3021 628 3074 pr.
648 3005 681 3056 in
710 3023 816 3080 magna
840 3024 938 3060 earum
962 3008 1145 3076 frequentia,
1173 3009 1232 3063 Sel.
1276 3011 1374 3071 Ante
1409 2995 1421 3070 f

126 3077 558 3203 itii¹¹ttl‘tt‘i·.t·:i
573 3075 736 3219 testi·
752 3083 782 3203 i·
1000 3082 1280 3208 ς’
1301 3095 1371 3213 s*-
1418 3147 1421 3162 1

146 3185 153 3200 .
251 3185 258 3202 .
433 3189 438 3203 .
559 3189 566 3203 .
735 3169 1021 3208 essee-ve.
1108 3172 1280 3210 eeaesa
1339 3179 1370 3216 r.

128 3227 156 3273 et
175 3220 220 3275 Os.
258 3167 448 3276 recitareoriin
466 3221 528 3276 edd.
549 3221 642 3276 Bhen.
661 3224 688 3276 2.
708 3227 735 3279 3.
756 3232 784 3277 et
803 3241 861 3278 rec.
900 3228 1063 3280 recitatione
1083 3226 1125 3280 ed.
1144 3245 1190 3298 pr,
1210 3231 1272 3282 Put.
1287 3230 1371 3288 niv.
1417 3279 1420 3290 ,

127 3291 192 3346 Ber.
211 3291 302 3348 liban.
322 3299 347 3350 1.
367 3295 470 3350 omissa
488 3295 613 3359 lineola,
632 3296 791 3348 accusativi
808 3297 923 3362 indice3
942 3299 993 3352 ui.
1030 3304 1227 3356 recitationum
1244 3302 1373 3362 vitiose
1414 3301 1420 3362 .’

128 3364 191 3418 cdd
207 3365 290 3436 lips.
308 3395 346 3408 -
369 3373 459 3422 omnis
484 3371 537 3422 illa
554 3370 616 3422 laus
642 3367 704 3421 edd.
725 3377 781 3422 ret.
808 3377 837 3424 et
856 3387 914 3425 rec.
933 3388 1025 3441 paene
1044 3389 1149 3428 omnes.
1185 3379 1276 3428 omnis
1295 3381 1374 3433 iata
1417 3371 1420 3432 Ῑ

128 3439 191 3493 laus
216 3437 278 3492 Vae.
298 3442 377 3497 1832.
407 3439 470 3495 edd.
490 3439 571 3495 Seeb.
591 3441 642 3494 Dr.
663 3439 707 3495 Os.
725 3471 761 3482 -
788 3448 869 3496 intra
893 3460 979 3496 unum
1002 3451 1053 3498 aut
1071 3449 1189 3500 alterum
1206 3447 1297 3509 diem,
1333 3469 1370 3505 v.

128 3509 164 3563 ad
182 3527 207 3564 c.
225 3513 269 3568 21.
288 3531 316 3566 n.
334 3516 361 3570 2.
381 3543 417 3556 -
436 3515 509 3568 celret
528 3517 560 3566 in
577 3512 658 3566 heria
676 3515 719 3566 uel
727 3515 803 3581 flare
820 3523 966 3587 praecepta
984 3533 1009 3570 c.
1030 3517 1116 3572 Fam.
1137 3519 1202 3574 edd.
1223 3521 1304 3592 laips.
1333 3535 1375 3579 et
1419 3543 1420 3546 ¹

128 3599 185 3637 reo.
205 3581 234 3636 b.
254 3601 279 3638 e.
298 3593 365 3639 ante
384 3593 476 3656 capta.
496 3603 522 3637 v.
544 3585 580 3638 ad
598 3585 672 3638 Ann.
693 3590 720 3653 l,
739 3589 787 3654 55,
810 3593 833 3643 1.
869 3596 998 3661 percepta
1016 3589 1080 3644 edd.
1099 3600 1156 3646 vet.
1177 3593 1255 3662 quod
1273 3595 1375 3651 haud

129 3655 322 3710 damnandum
341 3657 464 3713 videtur.
502 3663 655 3728 intercepta
672 3660 798 3713 malebat
815 3661 927 3715 Peerlk.
947 3662 983 3716 de
1007 3679 1064 3732 quo
1084 3683 1110 3716 v.
1130 3665 1167 3718 ad
1185 3683 1210 3719 c.
1230 3670 1254 3720 1.
1276 3686 1310 3720 n.
1337 3675 1373 3726 1.

127 3737 289 3798 praemia
311 3732 386 3784 coni.
415 3729 510 3785 Sobel.
547 3730 597 3785 Sic
625 3745 670 3800 ap.
697 3732 759 3786 Cic.
787 3734 870 3788 Verr.
897 3738 932 3797 1,
961 3739 1006 3793 37.
1046 3735 1118 3790 l’lin.
1139 3755 1183 3808 ep.
1203 3741 1239 3805 5,
1259 3743 1310 3804 20,
1334 3747 1372 3800 8.

127 3803 310 3946 reue·
336 3803 621 3945 tatem
637 3804 1105 3948 zi,eitz.e²ti¹·.;.·et

301 3909 310 3936 1
860 3916 869 3945 5
950 3917 956 3932 a
1028 3901 1039 3933 Ι
1102 3902 1183 3938 1⁹·-
1267 3905 1377 3944 Clen-

128 3949 231 4007 selam,
263 3966 291 4001 v.
317 3947 352 4001 ad
371 3948 446 4002 Anu.
464 3953 497 4012 3,
517 3949 562 4004 55.
605 3957 658 4002 aest
685 3950 792 4020 omisit·
811 3951 855 4004 ed.
884 3953 959 4005 lunt.
980 3981 1016 3994 —
1056 3965 1108 4010 aut
1133 3975 1297 4014 manauraon
1329 3969 1376 4018 in

128 4025 223 4075 animo
240 4039 262 4074 c.
281 4021 305 4074 b.
325 4037 353 4074 v.
373 4021 408 4074 ad
426 4021 496 4096 Agr.
516 4023 561 4076 16.
581 4038 609 4074 n.
629 4022 656 4077 5.
676 4051 712 4063 -·
736 4023 785 4076 aed
806 4027 950 4079 clamorem
972 4045 1074 4098 uagum
1099 4039 1127 4084 et
1151 4037 1358 4090 nominasses

129 4094 165 4146 cs.
186 4101 253 4148 nota
271 4097 298 4150 1.
320 4121 357 4134 ·-
373 4093 507 4164 gaudium
525 4093 649 4147 uolucres
668 4096 699 4146 in
719 4095 761 4149 ed.
783 4097 845 4158 l’ut.
864 4115 892 4167 g.
912 4101 1026 4154 caluere.
1361 4077 1376 4102 ⁹

198 4169 225 4223 3.
265 4167 434 4236 Vespasiani
450 4167 664 4234 liberalitatem,
695 4167 788 4237 qualis
818 4169 905 4224 etiem
945 4173 1110 4228 raedicatur
1127 4193 1143 4229 a
1162 4175 1240 4232 Suet.
1262 4194 1288 4230 c.
1314 4185 1376 4238 17.

131 4241 172 4294 13.
191 4267 228 4280 -·
255 4239 460 4310 indulgentiam
479 4239 619 4308 Principia
638 4243 752 4311 ingenio
769 4248 888 4297 mereris
905 4190 982 4309 „lac
1001 4255 1092 4302 aetate
1112 4249 1239 4304 Caesaris
1258 4255 1379 4326 qratia

130 4319 159 4363 et
178 4313 262 4366 teror
282 4312 432 4366 dicebatur
451 4311 644 4384 indulgentia,
669 4321 702 4364 ut
720 4313 794 4368 Plin.
816 4333 860 4388 ep.
882 4322 931 4384 10,
950 4321 982 4385 2,
1002 4323 1027 4375 3.
1047 4325 1098 4386 10,
1116 4327 1153 4388 3,
1173 4328 1198 4379 1.
1219 4325 1376 4382 luvenal.

130 4385 163 4448 7,
182 4385 226 4438 21.
264 4384 365 4440 Mereri
389 4393 429 4440 eat
455 4385 610 4457 consequi,
647 4385 811 4458 impetrare.
840 4409 867 4445 v.
888 4389 985 4462 Spald.
1009 4391 1044 4446 ad
1062 4392 1182 4461 Quintil.
1202 4401 1235 4462 1,
1255 4401 1377 4462 2,.39.
