2770 4792
475 171 615 236 CAPUT
652 169 727 238 ΧΠ.
889 190 895 202 “
1015 255 1017 259 Ι
1154 181 1214 249 215

26 341 65 391 tt.
81 348 103 392 ot
119 339 154 392 ad
175 340 311 404 corat,
330 343 358 401 7,
377 339 439 394 67?
460 337 564 390 Wulcb.
594 339 636 392 Cf.
657 339 741 391 act-0.
762 341 806 398 34.
826 355 854 390 n.
874 343 899 394 3.
939 348 1049 396 etanta
1068 347 1216 401 noaabest

24 431 69 464 ac.
91 414 146 464 vat.
176 415 256 468 3429.
288 421 317 464 ct
340 411 411 463 hinc
436 411 566 464 deletum
592 429 607 462 a
636 409 714 463 Brot.
743 409 823 463 Seeb.
851 410 936 465 Beck.
961 415 997 466 al.
1044 409 1150 472 Sed‘v,
1181 421 1216 473 ad

22 485 45 536 G.
61 491 79 539 l.
95 503 118 537 n.
138 489 164 538 1.
593 503 599 512 ·

70 561 91 612 t.
127 558 231 624 Quodsi
249 557 406 610 nubea-non
425 553 572 624 officiant,
601 559 695 624 aspici
718 573 769 625 per
796 563 902 608 nouem
928 559 995 611 colia
1007 557 1152 632 fulgorem
1170 583 1218 616 nec

20 632 107 681 occidue
125 639 175 694 (ex
193 628 305 683 emend.
327 627 416 682 Rhen.
436 643 491 698 pro
511 629 661 694 concidere)
681 635 708 679 et
725 645 884 699 exsurgere,
916 631 1103 687 :adtremere
1121 634 1216 696 (hori-

20 708 118 770 zontem)
137 699 305 770 affimant.-
323 705 431 754 scilieet
449 709 569 754 exnemc
587 707 615 751 et
628 703 718 770 plana
730 708 874 753 ‘terrarum
893 705 933 764 (v.
954 703 989 756 ad
1007 705 1042 756 H.
1056 709 1091 771 2,
1110 710 1156 774 69,
1175 711 1216 776 2.)

21 773 96 828 bamili
109 776 222 839 umbra,
242 774 267 827 si
287 791 319 826 ea
338 773 459 826 humilis
480 782 537 838 est,
566 775 616 836 (cf.
640 773 703 825 lnd.
725 775 778 826 111.
800 791 826 825 v.
846 774 990 827 Adiectiva
1009 783 1040 830 in
1059 789 1134 832 sexto
1153 799 1217 834 <usu

19 848 111 901 uatus
127 850 239 918 posita)
267 865 322 899 uon
348 853 463 917 erigunt
485 847 624 905 tenebras,
651 849 692 911 (v.
714 846 757 900 ad.
778 846 814 897 Η.
834 849 866 910 5,
886 851 919 913 6,
939 849 981 912 4.)
1010 849 1139 924 infraque
1162 871 1218 906 ως.

21 923 58 971 lur
73 931 94 972 et
108 923 201 975 sidera
220 939 273 972 nox
291 919 383 982 rodit,
417 919 446 970 h.
468 936 491 970 o.
517 926 640 988 propter
663 919 752 972 solem
778 918 826 969 illi
850 916 998 973 horizonti
1017 925 1216 996 propinquum

21 994 136 1048 nosaico
158 993 239 1046 clara
258 1001 313 1057 cst,
334 1000 367 1042 ut
386 991 509 1044 inferior
527 991 564 1042 sit
583 989 665 1043 coelo
684 1007 718 1042 ac
737 989 895 1055 sideribus,
916 1011 964 1045 seu
984 999 1096 1048 tantum
1116 997 1216 1050 obscu-

20 1066 86 1117 ritatis
102 1083 159 1120 uon
179 1064 282 1128 babet,
314 1071 348 1116 ut
375 1064 469 1115 sidera
487 1063 657 1115 mortalibus
677 1063 812 1137 detegere
832 1063 942 1130 valeat:
973 1066 1044 1119 Picb.
1081 1069 1123 1122 cf.
1153 1069 1214 1123 lud.

21 1137 80 1188 llv.
96 1138 188 1207 lusa-a.
227 1136 338 1202 „Causa
360 1135 457 1187 futilis
477 1142 512 1188 ct
531 1153 547 1187 a
567 1135 629 1187 solo
648 1135 753 1204 petita,
784 1151 907 1202 quaere
928 1155 995 1191 vera
1014 1157 1030 1192 a
1049 1143 1117 1194 sole.
1161 1143 1215 1196 Pro

19 1207 84 1261 Taciti
101 1229 183 1263 sensu
203 1225 262 1262 nox
280 1209 320 1260 ibi
339 1206 475 1272 humilis,
510 1208 578 1276 quia
607 1207 640 1260 ab
669 1206 778 1259 umbris
804 1215 863 1274 est,
897 1210 1016 1264 umbrae
1042 1221 1137 1267 autem
1156 1231 1215 1267 non

18 1281 62 1332 illic
77 1284 235 1357 erigtintur.
273 1281 354 1354 Ergo
374 1281 404 1332 lo
447 1281 457 1330 i
476 1277 535 1332 dies
554 1287 584 1332 et
602 1297 718 1333 serenae
731 1287 840 1344 noctes,
861 1297 893 1332 ac
912 1282 1008 1336 sidera
1021 1285 1116 1339 lucem
1134 1305 1214 1340 suam

14 1356 208 1481 :litim
224 1353 434 1494 iiiiii...
452 1351 664 1494 iiiiii&
680 1354 1216 1484 itti‘filti.“.522.''35.‘.tt..tli

15 1505 36 1544 ut
49 1517 133 1552 sensus
152 1445 222 1552 s’it:q
241 1513 298 1550 nox
323 1498 410 1566 plane
436 1497 556 1552 obscura
581 1460 647 1550 non,
668 1497 797 1550 efficitur
814 1498 916 1550 umbra
935 1501 1011 1553 airis
1032 1509 1060 1554 et
1079 1471 1213 1570 aetheris:

13 1570 46 1620 ard
61 1573 81 1622 si
99 1575 214 1626 coelum
235 1585 349 1638 quoque
369 1577 396 1622 et
415 1569 507 1622 sidera
526 1569 729 1625 obscurantur:
758 1569 788 1621 id
807 1577 903 1622 tamen
923 1571 965 1623 ibi
984 1589 1042 1626 non
1061 1574 1094 1625 fit
1113 1593 1214 1628 secun-

11 1639 61 1692 lum
77 1644 168 1697 Taciti
188 1643 374 1714 opinionem,
403 1659 469 1694 nam
493 1641 584 1695 colles
609 1649 738 1707 tantum,
763 1655 839 1711 pone
859 1659 930 1711 quos
949 1645 994 1696 sol
1013 1647 1092 1714 quasi
1113 1663 1214 1716 prore·

12 1715 53 1778 pit,
70 1717 198 1768 umbram
219 1721 378 1800 spargunt,
397 1722 426 1767 et
446 1713 564 1782 quidem
582 1721 641 1766 tam
659 1711 821 1778 humilem,
841 1722 874 1765 ut
891 1716 1028 1785 proxima
1048 1718 1165 1786 quidem
1185 1727 1213 1774 et

10 1783 111 1840 insenos
128 1790 207 1842 ae'ria
228 1804 330 1862 regio,
357 1803 416 1839 non
435 1786 584 1854 superior,
619 1786 734 1839 coelum
754 1793 783 1838 et
801 1785 895 1840 sidera
913 1787 1104 1844 obscurentur
1122 1799 1150 1844 et
1170 1795 1213 1845 in-

4 1855 42 1920 sta
56 1859 114 1912 boec
131 1879 189 1914 aaa
206 1860 305 1920 cadat,
333 1857 431 1928 disper
452 1860 545 1910 atur.'’
563 1857 647 1908 Doed.
668 1865 711 1924 ct,
736 1857 787 1926 qui
807 1858 867 1911 eius
886 1859 972 1913 verba
993 1863 1081 1916 tacite
1099 1881 1148 1916 sua
1168 1865 1210 1918 fe-

8 1931 49 1992 eit,
65 1934 152 1984 Klein.
193 1932 237 1985 De
264 1929 407 1984 sententia
458 1929 529 1981 aciti
553 1929 645 1981 multa
663 1930 846 1998 disputarunt
865 1930 987 1985 Bredov.
1007 1933 1042 1986 ad
1062 1935 1097 1988 G.
1117 1937 1161 1990 45.
1182 1943 1211 1989 et

6 2001 64 2052 brot
82 2003 116 2054 atl
133 2003 166 2054 h.
189 2001 209 2054 l.
231 2002 281 2053 ubi
300 2019 362 2055 eam
381 2000 479 2054 Germ.
499 2001 540 2052 ita
558 2001 716 2070 expressit:
750 2001 796 2053 An
820 2002 910 2054 diesen
930 2001 1081 2068 Baliarum
1100 2006 1159 2058 und
1173 2025 1211 2059 an

5 2072 47 2122 :itt
55 2074 166 2139 flachan
186 2075 329 2144 Gagondeu
348 2073 394 2124 der
412 2072 485 2124 Erde
495 2070 573 2140 salit
597 2073 644 2123 der
666 2072 926 2146 Ertlacbotteniegel
947 2075 1024 2128 nich:
1047 2077 1117 2130 nacla
1135 2081 1211 2130 einer

2 2149 225 2212 nundinatores:
244 2146 388 2216 Richtung
405 2143 560 2213 cusentina,
578 2145 694 2197 eundern
713 2143 813 2213 solies,
833 2149 893 2199 und
908 2147 983 2200 laun
1001 2151 1061 2201 aleo
1079 2151 1130 2202 den
1148 2151 1211 2202 dor-

5 2221 62 2284 tigru
79 2221 207 2272 Himmel
223 2220 281 2270 und
296 2220 340 2270 die
358 2219 434 2270 obere
454 2217 636 2286 Sternregion
663 2223 717 2270 mit
734 2221 825 2272 :einer
845 2218 1055 2293 Verdunlelung
1073 2223 1152 2276 nicht
1170 2241 1211 2275 er-

5 2291 94 2343 m'rbm.
132 2291 194 2346 Sed
213 2307 241 2342 v.
262 2291 297 2343 ad
315 2290 401 2342 simil.
423 2290 479 2342 loc.
500 2289 535 2342 G.
556 2291 600 2344 45.
620 2308 648 2340 n.
668 2292 693 2344 2.
714 2317 747 2331 -
767 2291 868 2344 bamili
888 2293 1002 2352 umbra,
1022 2295 1058 2347 ci.
1079 2295 1141 2348 lnd.
1152 2296 1207 2353 111.

4 2377 13 2405 t
35 2365 177 2417 Ada'octiuu
196 2366 227 2414 in
245 2371 320 2415 sento
338 2381 401 2416 cocu
420 2363 541 2414 absolute
555 2365 660 2431 posita.

55 2441 77 2490 7.
112 2441 233 2507 paticus
249 2434 389 2507 frugum,
407 2433 575 2503 secundum:
608 2433 795 2500 „Scbefferus
820 2451 874 2504 pro
899 2437 993 2511 glossa
1018 2439 1154 2508 repudiat
1163 2437 1211 2508 se·

2 2509 102 2562 uadum.
122 2511 260 2562 Frustra.
298 2511 363 2560 N'on
382 2507 468 2560 modo
489 2507 598 2576 accipit
616 2507 746 2570 cultum,
779 2507 828 2560 sed
848 2508 943 2561 etiam
963 2511 1092 2580 copiosas
1111 2513 1209 2584 fruges

11 2579 77 2644 Κρής
109 2581 195 2634 unde
220 2580 373 2632 Britannia
397 2579 515 2632 zosimo
534 2584 570 2643 3,
589 2580 614 2633 5.
645 2579 757 2630 dicitur
783 2581 851 2632 cella
872 2586 993 2650 penaria
1018 2583 1209 2636 occidentalis

5 2656 125 2719 amerii?
145 2655 218 2707 Em.
257 2655 292 2705 ln
307 2654 371 2708 Vat.
380 2655 459 2708 3429.
480 2652 556 2705 male
575 2650 768 2775 distirpgruitur
780 2655 903 2718 paticus:
916 2652 1035 2724 frugum
1046 2655 1208 2722 secuudum,

11 2726 69 2778 aad.
90 2727 160 2780 Ber.
185 2734 213 2778 et
231 2725 321 2778 Bhen.
342 2729 366 2778 1.
389 2727 520 2793 potiere,
531 2722 575 2792 sr.
588 2721 617 2792 s.
713 2723 748 2774 ad
768 2723 803 2776 G.
824 2727 850 2778 5.
871 2743 897 2777 n.
919 2730 944 2781 3.
965 2755 1001 2766 -
1032 2729 1135 2780 multus
1163 2729 1211 2780 bu-

57 2807 204 2852 terrarum
222 2801 291 2852 coeli
326 2816 357 2849 e.-
375 2797 482 2850 humor
500 2804 646 2849 terrarum
666 2813 749 2848 causa
768 2803 828 2860 est,
854 2795 932 2866 quod
951 2799 1009 2851 cito
1028 2801 1209 2869 proveniant,

17 2871 207 2934 mercedi,
227 2888 284 2939 quo
323 2869 403 2922 tarde
423 2870 592 2932 mitescant:
613 2867 685 2922 Pici.

46 2947 68 2998 8.
110 2945 188 2996 Fert
208 2941 358 2996 Britannia
376 2961 476 2994 aurum
495 2949 690 3012 :turgentum
711 2943 816 2994 etalio
835 2943 966 2996 metalla.-
999 2942 1098 3010 „Idem
1118 2946 1210 2998 refert

9 3017 74 3069 traho
94 3023 131 3082 a,
153 3017 192 3078 5,
211 3019 238 3070 2.
259 3035 286 3085 p.
308 3019 368 3070 199.
397 3014 444 3066 sed
465 3013 647 3066 contrarium
667 3011 728 3065 cic.
749 3013 783 3064 ad
803 3013 861 3067 Att.
882 3019 913 3080 4,
933 3019 975 3072 16.
1003 3017 1085 3069 etad
1104 3015 1161 3069 div.
1182 3021 1208 3082 7,

6 3087 23 3138 7.
39 3107 95 3158 quo
114 3099 222 3142 urnen
244 3087 308 3142 loco
328 3089 447 3140 iocatur.
486 3085 633 3138 Caesarb.
655 3084 744 3150 tto,
766 3091 807 3140 13.
837 3088 872 3140 de
891 3088 939 3140 his
958 3087 1086 3141 metallis
1105 3093 1209 3142 tacet.”

2 3166 6 3189 ¹
27 3164 91 3214 alu.
133 3164 245 3228 Neque
264 3178 366 3235 magna
385 3158 498 3212 horum
513 3157 596 3227 copia
615 3155 763 3209 recondita
784 3157 813 3208 in
833 3159 1000 3212 Britannia:
1029 3161 1094 3212 auri
1113 3169 1210 3214 tamen

110 3236 147 3286 in
172 3231 400 3286 cumberlandia
420 3239 447 3286 ot
467 3229 581 3295 Scotia,
613 3228 728 3304 argenti
755 3245 848 3300 prope
878 3232 1036 3285 lliracomb
1060 3241 1089 3286 et
1112 3233 1210 3286 Blint-

19 3304 24 3314 '
69 3329 85 3358 a
106 3305 285 3360 casnbdeno
304 3304 411 3356 Britan.
432 3321 461 3373 p.
480 3307 525 3358 35.
544 3305 606 3358 604.
626 3305 687 3358 692.
707 3304 769 3356 741.
790 3311 819 3355 et
836 3321 852 3355 a
871 3304 1072 3358 Volckmanno
1092 3305 1210 3368 (Beisen

19 3378 62 3429 rob
82 3377 188 3462 Επεὶ.
208 3375 242 3430 Τ.
263 3377 302 3429 11.
324 3393 367 3446 ep.
386 3378 445 3440 42.)
470 3383 685 3438 :remorantur-5
712 3375 789 3426 Brut.
809 3383 838 3428 et
856 3375 933 3428 Arzt.
953 3405 988 3416 —
1022 3382 1144 3444 pretium
1170 3383 1211 3432 ui-

38 3457 91 3517 ce,
114 3451 233 3524 (ligna,
253 3465 325 3516 quae
344 3449 428 3502 bellis
447 3455 626 3518 expetantur.
646 3475 682 3486 -
709 3453 868 3518 margarita
886 3447 1014 3516 subfusca
1032 3467 1065 3500 oc
1084 3452 1210 3514 liuentia,

31 3525 96 3576 loris
118 3521 319 3596 nigricantis,
349 3530 381 3572 ut
399 3519 512 3590 plumbi
532 3527 561 3572 et
580 3519 654 3572 viui.
680 3537 706 3572 v.
728 3519 782 3572 Vir
803 3559 810 3572 .
830 3521 899 3572 Aen.
920 3525 955 3587 7,
974 3523 1036 3577 687.
1061 3529 1090 3573 et
1108 3521 1161 3575 Sil.
1180 3527 1209 3587 7,

50 3597 99 3648 ubi
122 3597 169 3648 cf.
193 3593 286 3662 intpp.
323 3593 357 3646 In
383 3593 538 3644 Britannia
556 3609 658 3660 paruas
683 3599 764 3662 atque
814 3595 915 3645 colores
932 3597 1107 3663 margaritus
1124 3601 1205 3648 nacci

6 3687 71 3721 *aaa
90 3677 139 3723 est
162 3665 242 3718 Plin.
260 3671 293 3731 9,
312 3668 356 3721 35.
376 3681 434 3718 non
453 3663 579 3734 amplas:
605 3681 672 3716 nam
692 3662 770 3718 Suet.
793 3665 871 3732 Caes.
891 3669 935 3720 47.
955 3667 1004 3718 vix
1023 3666 1211 3722 audiendus.’'

31 3743 85 3794 aba
127 3738 314 3812 Margaritae
339 3745 435 3790 nmen
455 3736 541 3790 etiam
561 3753 640 3788 nunc
660 3736 787 3804 optimae
806 3738 996 3806 reperiuntur
1016 3737 1047 3791 in
1067 3739 1209 3802 anrnar·

129 3819 166 3866 et
186 3811 217 3862 a
238 3811 372 3879 Convay,
404 3809 435 3860 in
461 3807 685 3862 Cumberlantlia
710 3815 739 3860 et
756 3809 786 3862 ss.
819 3810 864 3862 lrt
889 3811 1015 3880 aliisque
1043 3811 1209 3866 Britanniae

7 3890 81 3951 viis:
112 3885 198 3940 Ant
218 3889 266 3950 et,
286 3898 357 3952 quos
376 3881 518 3946 laudavit,
546 3881 701 3935 Gambden.
726 3879 834 3941 Britan.
853 3899 882 3952 p.
902 3885 964 3940 597.
983 3886 1045 3940 606.
1065 3888 1127 3942 690.
1146 3887 1209 3940 752,

26 3963 111 4016 ml.
135 3959 209 4015 962.
240 3961 268 4007 et
297 3954 450 4008 Volkman.
474 3954 495 4006 l.
520 3970 545 4005 c.
571 3953 604 4005 T.
625 3953 664 4005 11.
685 3969 730 4022 ep.
750 3957 794 4008 41.
831 3955 894 4022 „De
912 3953 958 4008 his
977 3957 1144 4030 margaritis
1163 3974 1209 4010 ac-

12 4058 14 4067 =
38 4033 158 4085 tissiine
183 4027 264 4102 Orig.
293 4027 323 4079 in
343 4024 440 4078 matth.
460 4043 489 4096 p.
509 4028 571 4080 21⁰.
592 4029 653 4082 211.
692 4025 803 4078 Primas
822 4027 925 4080 tribuit
944 4031 1110 4104 margaritis
1130 4029 1209 4080 Indi·

18 4143 26 4159 .
51 4117 194 4174 qnantum
223 4099 351 4170 optimae
374 4100 406 4150 in
432 4097 529 4150 Rubro
554 4098 629 4150 anari
647 4105 822 4168 nascuntur,
856 4100 995 4154 secundas
1023 4095 1209 4166 Britannicis,

29 4179 34 4188 '
85 4179 145 4240 iis,
191 4188 263 4240 quae
291 4173 324 4224 iu
353 4169 499 4240 Bosphoro
524 4170 603 4224 circa
622 4169 771 4240 Scythiam
797 4175 995 4258 reperiuntur.
1032 4174 1063 4226 ‘O
1087 4174 1117 4226 δὲ
1143 4174 1212 4227 acaci

23 4256 135 4305 maiar
157 4265 184 4311 κ
202 4245 307 4308 υσωπὸς
324 4247 372 4314 μέν
390 4246 443 4298 ἐστι
461 4245 509 4309 τὴν
527 4245 568 4297 iat
588 4251 702 4316 χροϊαν,
731 4243 931 4314 ὁμιχλωὸηςὸέ
950 4265 988 4308 τις
1006 4251 1212 4316 κα1ταῒςκμαρ-
1243 4287 1246 4294 .

1 4377 3 4390 .
37 4333 102 4394 Ταῖς
123 4264 325 4394 cantitamus,
358 4317 421 4368 turi
440 4316 567 4386 speciem
588 4317 714 4370 referens
733 4317 832 4370 colore
850 4317 1043 4388 superficiei,¹
1057 4315 1105 4368 sed
1126 4317 1215 4369 nebu·
