2846 4802
175 255 238 320 282
593 239 842 316 AGRICOLAE
862 253 984 318 VITA.

174 417 225 474 sed
243 417 359 483 (etiam)
377 435 429 472 occ.
449 425 475 472 et
493 426 554 472 arte
572 418 647 472 aona
665 421 768 479 arati,
802 413 880 474 nibil
904 420 1027 486 (tamen)
1045 435 1076 472 ea
1094 436 1150 473 arr.
1171 435 1193 471 r.
1213 415 1296 472 Grut.
1318 427 1347 473 et
1365 421 1395 472 V.

175 493 210 546 D.
230 492 266 544 in'
280 490 403 561 Ephem.
423 489 515 552 schol.
534 491 659 544 Darmst.
678 510 703 546 0.
723 493 803 548 1825.
828 492 958 570 (paedsg.
985 492 1093 564 philol.
1119 509 1147 563 p.
1167 494 1245 558 318.)
1271 511 1326 546 non
1344 498 1398 544 air-

175 572 235 618 tate
252 583 281 618 se
298 581 335 618 sc.
356 573 520 635 superatos,
541 566 596 630 (01,
612 563 648 616 08
664 565 738 624 Αο0.
756 569 791 633 2,
811 567 865 632 20,
884 567 925 638 2.)
957 567 1007 622 sed
1026 570 1167 620 occasione
1188 573 1217 618 et
1239 573 1299 618 arte
1322 565 1397 618 decis

175 641 265 692 elusos
283 641 344 690 rati
360 641 402 704 (a.
422 637 459 692 ad
478 639 551 692 sun
570 641 607 704 2,
625 639 675 704 52,
693 638 735 707 2.)
760 637 833 692 nibil
849 659 880 692 00
897 659 923 692 0.
944 659 967 692 r.
999 639 1120 696 Walch.
1146 637 1230 692 adh.
1251 638 1272 690 l.
1297 638 1349 707 qui
1368 639 1397 690 in

175 711 271 766 lllelet.
292 707 357 762 crit.
377 727 407 782 p.
428 713 471 767 13.
490 730 518 766 se
538 717 566 765 et
584 711 661 766 ducis
680 711 839 782 supplenda
860 721 1027 778 censuerat,
1047 711 1082 768 de
1101 727 1158 782 quo
1177 729 1205 764 v.
1226 709 1261 764 ad
1280 709 1354 763 Anu.
1370 715 1395 776 5,

175 785 200 838 5.
221 812 257 824 -
290 784 409 838 coetibus
433 803 466 837 ac
489 783 635 852 sacrificiis
652 787 886 855 conspirationem
905 789 1052 840 cicitatson
1070 789 1229 852 sancirent,
1259 785 1397 837 0100010-

175 868 241 909 rum
259 855 330 910 olim
349 855 482 911 Catilina.
503 855 547 910 cf.
567 865 597 910 et
615 858 650 910 11.
670 861 705 924 ll,
726 861 768 913 11.
787 857 824 912 G.
843 861 886 915 21.

606 1037 802 1096 CAPUT
843 1039 975 1094 xxvnl.

257 1147 380 1213 Eadem
400 1157 523 1214 aestate
544 1149 664 1215 cohors
685 1149 891 1236 Usipiorum,
913 1171 975 1236 per
990 1147 1183 1214 Germanias
1203 1149 1398 1231 conscripta,

174 1235 210 1297 in
231 1231 438 1296 Britanniam
459 1237 674 1315 transmissa,
705 1255 860 1324 magnum
882 1256 920 1298 ac
941 1235 1153 1297 memorabile
1173 1235 1301 1295 facinus
1323 1252 1398 1294 ausa

175 1327 235 1394 est.
279 1315 396 1380 Occiso
418 1319 613 1382 centurione
635 1343 674 1382 ac
695 1319 873 1401 militibus,
906 1321 981 1404 qui,
1020 1315 1062 1380 ad
1088 1315 1282 1381 tradendam
1304 1315 1421 1404 disci,

174 1405 299 1488 plinam
327 1403 471 1466 immixti
497 1405 692 1488 manipulis,
731 1406 916 1490 exemplum
946 1413 980 1467 et
1007 1411 1154 1466 rectores
1185 1403 1421 1482 habebantur,l

174 1497 244 1552 tres
264 1489 463 1570 liburnicas,
495 1489 620 1552 adactis
640 1511 703 1576 per
722 1491 792 1555 vim
819 1490 1116 1578 gubernatoribus,
1148 1484 1326 1552 ascendere
1358 1495 1421 1560 et‚l

174 1593 243 1636 uno
273 1575 497 1662 remig-rante,
531 1578 694 1660 suspectis
722 1573 851 1638 duobus
879 1595 984 1658 eoque
1013 1575 1217 1652 interfectis,
1254 1568 1421 1634 nondum*

174 1660 309 1745 vulgato
330 1677 476 1731 rumore,
499 1669 538 1722 ut
557 1661 758 1722 miraculum
775 1659 1072 1742 praevehebantur.
1117 1657 1200 1720 Mox
1220 1657 1287 1718 hac*
1304 1663 1398 1737 atque
1420 1659 1421 1736 f

174 1743 231 1804 illa
252 1743 341 1824 rapti
364 1749 494 1804 etcum
515 1743 683 1828 plerisque
703 1743 942 1805 Britannorum
964 1763 1023 1805 sna
1043 1741 1285 1806 defensantium
1307 1759 1397 1822 proe-
1420 1743 1421 1812 j

174 1825 220 1888 lio
247 1828 418 1912 congressi
450 1847 488 1888 ac
517 1847 614 1911 saepe
634 1824 801 1906 victores,
830 1825 1007 1910 aliquando
1035 1827 1139 1910 pulsi,
1172 1843 1211 1887 eo
1233 1821 1275 1884 ad
1297 1815 1421 1904 extre}

173 1929 266 1972 mum
287 1911 420 1992 inopiae
441 1931 580 1990 venere,
612 1919 652 1973 ut
677 1913 922 1974 infirmissimos
943 1930 1099 1984 suorum,
1134 1928 1211 1970 mox
1231 1915 1322 1970 sorte
1344 1903 1421 1968 80..

174 2002 245 2056 cass
273 2002 500 2056 vescerentur.
550 1994 659 2077 Atque
687 1997 736 2056 ita
766 1997 982 2058 circumvecti
1010 1994 1247 2071 Britanniam,
1275 1992 1421 2052 amissis*

173 2095 237 2159 per
257 2078 422 2137 inscitiam
443 2077 581 2163 regendi
602 2079 761 2158 navibus,
783 2098 846 2160 pro
867 2077 1091 2162 praedonibus
1111 2076 1235 2153 habiti,
1257 2076 1398 2158 primum
1419 2099 1421 2124 s

173 2179 194 2220 a
215 2157 355 2238 Suavis,
383 2178 461 2221 mox
482 2179 502 2222 a
522 2161 638 2222 Frisiis
659 2163 835 2245 intercepti
857 2170 943 2223 sunt.
996 2162 1045 2224 Ao
1066 2165 1176 2240 fuere,
1196 2175 1313 2241 ¹quos,
1342 2177 1399 2240 per
1420 2173 1421 2196 ³

173 2245 372 2304 commercia
400 2263 524 2306 venum
556 2243 649 2307 datos
678 2253 712 2307 et
739 2247 775 2308 in
797 2253 945 2307 nostram
966 2265 1071 2328 nsque
1092 2246 1202 2328 ripam
1223 2242 1421 2303 mutatione

174 2328 355 2388 ementium
376 2324 554 2406 adductos,
577 2327 740 2392 indicium
760 2329 845 2391 tanti
865 2341 960 2418 casus
982 2331 1172 2392 illustravit.

247 2447 273 2496 1.
312 2443 407 2498 cotors
428 2443 665 2514 Usipiorsonoet.
693 2465 722 2500 v.
748 2447 784 2501 80
805 2445 864 2500 hoc
889 2446 1001 2518 populo
1018 2445 1081 2500 108.
1101 2451 1132 2500 et
1149 2444 1185 2506 08
1204 2445 1239 2498 G.
1260 2447 1305 2502 32.
1326 2462 1353 2495 0.
1371 2445 1396 2498 2.

173 2513 311 2584 „Similia
329 2517 364 2570 de
385 2515 465 2569 Indis
483 2518 573 2571 tradit
591 2519 665 2573 Plin.
684 2521 718 2587 2,
737 2524 781 2576 37.
808 2520 844 2574 de
871 2518 991 2572 Francis
1017 2518 1139 2572 Bumen.
1165 2535 1233 2588 pan.
1253 2517 1396 2571 Constant.

174 2605 199 2641 0.
220 2591 263 2644 18.
284 2596 313 2642 et
331 2589 436 2644 zosim.
456 2594 482 2644 1.
502 2599 577 2646 extr.
616 2591 726 2646 Cohors
753 2592 826 2646 haec
856 2600 919 2646 erat
942 2607 1010 2644 sane
1035 2607 1071 2642 ex
1093 2590 1128 2642 iis
1147 2591 1260 2662 copiis,
1299 2589 1397 2659 quibus

172 2661 313 2736 Agricola
332 2661 592 2718 innuentem
613 2665 782 2719 Britanniae
809 2672 938 2736 partem,
972 2679 1047 2733 quae
1074 2663 1246 2716 Hiberniam
1271 2662 1398 2731 respicit,
1421 2685 1422 2714 ;

174 2733 224 2801 (ci.
245 2752 272 2787 0.
292 2737 329 2792 aa
347 2737 408 2805 pr.)
428 2733 573 2808 Cantyre,
594 2737 737 2804 carriolo,
758 2737 916 2807 Gallovray
933 2739 1008 2789 cet.''
1025 2735 1103 2792 Brot.
1141 2735 1187 2788 Ad
1205 2751 1267 2788 rem
1288 2737 1325 2788 cf.
1345 2734 1397 2786 Dio

173 2809 225 2873 66,
244 2811 290 2864 20.
325 2807 407 2861 cuius
431 2810 561 2864 narratio
585 2810 699 2864 diversa
722 2811 758 2863 als
781 2810 837 2863 hac
858 2817 888 2864 et
912 2808 1022 2879 aptiori
1049 2807 1168 2878 quoidam
1192 2809 1260 2862 loco
1284 2808 1398 2872 inserta,

174 2879 224 2934 sed
242 2880 300 2933 lide
318 2879 414 2933 minus
433 2880 524 2956 digna
542 2889 593 2936 est.
612 2911 649 2924 -
678 2889 707 2936 et
733 2887 764 2936 in
791 2883 973 2935 Britanniam
997 2886 1168 2936 masmim
1195 2899 1220 2934 e.
1239 2881 1303 2932 Vnt.
1322 2883 1398 2936 3129.
1421 2905 1422 2934 l

88 3005 95 3018 ,
175 2951 237 3007 edd.
248 2952 327 3006 Brot.
341 2953 393 3006 Dr.
413 2951 450 3006 al.
489 2953 600 3025 Copula
617 2963 714 3009 tamen
732 2956 810 3008 abest
827 2973 844 3007 0
863 2962 918 3008 cet.
938 2953 1000 3009 edd.
1020 2963 1049 3008 et
1066 2953 1197 3007 aTacito
1216 2969 1300 3024 saepe
1320 2953 1399 3005 omit·
1421 2979 1422 3006 l

174 3026 255 3078 titur.
275 3053 313 3066 -
345 3043 481 3096 magnam
506 3045 540 3079 ac
562 3029 741 3082 memorabile
759 3027 894 3097 suenrus,
923 3031 961 3080 ci.
987 3029 1070 3102 virg.
1094 3025 1166 3080 Aen.
1185 3030 1217 3087 1,
1235 3030 1280 3082 98.
1306 3025 1422 3094 ibique.

174 3099 275 3152 Burm.
320 3097 437 3165 „Hodie
465 3099 627 3166 rideamuss
662 3109 692 3154 at
709 3101 781 3154 olim
801 3099 859 3153 boc
881 3101 957 3152 tanti
983 3100 1052 3164 luit,
1087 3099 1187 3168 quanti
1211 3115 1290 3152 0000
1317 3113 1400 3168 pene·

155 3179 264 3226 ›ts-asse
291 3170 450 3246 Magallani
474 3173 569 3224 sinum
594 3181 624 3226 et
651 3174 751 3228 orbem
779 3173 858 3226 hunc
877 3172 1110 3227 circumdedisse.
1148 3173 1209 3225 Hac
1228 3180 1324 3226 autem
1344 3171 1400 3222 cir·
1421 3197 1422 3206 .

175 3243 376 3298 cumvectione
395 3249 506 3298 retecta
522 3245 675 3299 Britannia
694 3253 723 3301 et
742 3246 838 3299 insula
859 3245 1006 3298 bonafide
1024 3244 1187 3314 approbata.
1209 3244 1252 3298 Gi.
1273 3243 1398 3296 Ambros.

174 3317 313 3372 Hexa'e'm.
333 3321 369 3382 3,
387 3322 422 3384 3,
441 3321 489 3374 3.”
518 3318 596 3388 Lips.
636 3319 680 3373 cf.
705 3335 768 3390 sup.
787 3319 824 3372 ad
843 3325 905 3389 e‘ap.
925 3323 969 3373 10.
990 3335 1019 3370 0.
1040 3323 1065 3372 1.
1104 3319 1171 3388 „lta
1190 3325 1219 3370 et
1236 3317 1400 3391 Virdungus

175 3391 211 3445 80
235 3391 298 3445 0010
315 3387 485 3444 Britanniae
508 3393 757 3446 circumvectione
780 3390 853 3444 haec
880 3391 971 3462 cepit:
1006 3406 1109 3444 verum
1135 3405 1195 3444 000
1219 3407 1252 3444 ea
1279 3397 1398 3453 tantum

174 3481 262 3534 qnam
281 3481 318 3518 00
338 3463 505 3538 cogitarunt
523 3465 657 3535 quidem,
685 3465 862 3535 (quanquam
891 3472 921 3517 et
947 3463 1035 3516 huius
1053 3466 1170 3517 fortuna
1188 3463 1258 3534 ipsis
1276 3461 1400 3516 miseriis

173 3537 566 3664 0010ζο1000
578 3540 764 3682 mla
779 3537 1114 3664 ilsslpmtllliiilil
1128 3535 1400 3678 limiti:

174 3699 209 3741 ao
226 3683 370 3753 periculis
388 3684 549 3753 propositis
569 3685 705 3754 exsequi,
740 3684 808 3738 dein
831 3645 886 3753 pis
905 3681 1003 3735 omnia
1021 3689 1151 3735 extrema
1169 3690 1229 3735 tam
1249 3681 1300 3734 din
1319 3697 1399 3734 aera·

174 3771 305 3810 mnosam
323 3755 414 3808 vitam
432 3755 552 3811 trahere
570 3774 605 3810 ao
623 3755 758 3812 durare.”
778 3759 863 3810 Gran.

246 3847 274 3902 2.
315 3845 427 3906 Occiso,
453 3855 577 3919 propter
600 3847 722 3902 nimiam
748 3850 869 3902 fortasse
893 3846 1077 3901 severitatem
1096 3843 1283 3916 disciplinae,
1313 3849 1401 3898 centa·

174 3923 254 3974 rione
272 3935 306 3972 ac
322 3921 481 3982 militibus,
500 3925 542 3985 (v.
561 3919 598 3973 ad
615 3921 689 3974 Ann.
708 3925 746 3989 2,
765 3925 817 3987 69,
836 3921 878 3984 2.)
901 3923 952 3990 qni
975 3919 1015 3972 ad
1036 3917 1199 3972 tradendam
1225 3917 1401 3988 disciplinam

175 3995 302 4048 tannes·
329 3995 484 4063 manipulis
503 3995 661 4064 'exemplum
686 4002 714 4046 et
732 4001 846 4048 rectores
865 3991 1053 4058 habebantnr5
1089 3991 1200 4046 milites
1229 3991 1357 4046 veterani
1375 3995 1401 4043 et

176 4063 410 4122 exercitatissimi
427 4067 612 4138 disciplinam
629 4067 790 4121 militarem
816 4065 958 4120 tradentes
981 4064 1013 4117 in
1038 4081 1158 4134 campo,
1189 4062 1401 4120 exercitationis

175 4137 432 4207 meditationisque
450 4155 599 4193 armorum
618 4139 699 4204 loco;
731 4139 808 4193 unde
834 4143 918 4193 erant
937 4145 966 4191 et
985 4137 1155 4191 dicebantur
1172 4134 1230 4191 vel‘
1243 4137 1402 4191 arras'docto

175 4233 236 4276 res,
267 4209 479 4273 talsiniacus.
506 4211 754 4274 o‘alodsdeionalos,
789 4213 839 4282 qui
863 4227 940 4264 arma
967 4217 1095 4265 tractare
1108 4219 1144 4273 ,et
1165 4211 1223 4264 ad.
1271 4217 1329 4263 tam
1349 4207 1400 4260 oli-

175 4303 299 4359 peumre
318 4285 482 4352 declinare,
502 4286 552 4342 vel
570 4287 784 4358 campidoctores
802 4303 823 4338 s.
843 4283 1096 4354 campidoctores,
1122 4283 1220 4353 quise
1277 4299 1308 4337 re
1327 4279 1401 4334 ordi·

176 4377 243 4424 nes,
272 4365 353 4414 recte
381 4357 528 4416 ambulare
555 4359 743 4430 reliquosque
768 4365 929 4413 armaturae
953 4363 1062 4420 motus,
1096 4350 1237 4434 numeret
1264 4363 1293 4410 et
1309 4361 1401 4429 gestus

177 4433 316 4490 docebant
334 4431 453 4488 tirones.
485 4453 513 4488 v.
543 4433 637 4505 intpp.
665 4435 765 4510 vaget.
787 4437 802 4488 1
809 4468 819 4498 ,
839 4434 882 4488 13.
908 4429 983 4558 Elin.
1003 4445 1070 4500 pan.
1091 4433 1133 4486 13.
1164 4427 1311 4548 Amspian.
1330 4429 1400 4480 lllar-

1227 4584 1238 4659 l

1214 4667 1227 4767 l
