2770 4792
156 292 159 298 ,
187 223 249 288 256
604 211 853 286 lacteolae
874 217 996 284 VITA.

187 387 352 479 legionum
371 389 501 454 vexillis
521 398 555 452 et
574 385 703 450 modica
722 389 922 452 auxiliorum
943 407 1065 464 manu,
1100 387 1180 470 quia
1209 386 1244 445 in
1262 400 1371 466 aequus

186 473 322 562 degredi
343 471 526 534 Ordovices
548 491 613 533 non
634 469 818 552 audebant,
850 475 922 556 ipse
942 480 1018 532 ante
1039 490 1171 556 agmen,
1202 483 1265 550 quo
1284 465 1372 527 ceteris

186 579 248 644 par
268 559 396 620 ammas
419 557 518 616 simili
537 555 687 638 periculo
709 565 811 628 esset,
835 557 940 619 erexit
959 557 1084 630 aciem3
1124 569 1277 634 caesaque
1294 565 1372 632 prope

188 646 346 706 universa
366 647 481 726 gente,
504 658 570 700 non
590 641 745 725 ignarus,
766 637 956 700 instandum
976 641 1082 700 famae
1103 655 1157 716 ac,
1179 642 1276 718 prout
1293 633 1372 716 prins

187 723 379 803 cessissent,
418 725 490 784 fore
514 723 691 800 universa,
723 721 861 785 Monam
882 722 1045 802 insulam,
1082 722 1177 782 cuius
1203 717 1372 802 possessione

185 817 376 874 revocatum
397 805 571 869 Paulinum
602 805 779 868 rebellione
808 807 912 870 totius
941 805 1134 866 Britanniae
1159 821 1260 884 supra
1283 813 1372 860 meno

184 895 282 970 ravi,
303 889 454 976 redigere
475 891 510 951 in
532 896 726 972 potestatem
746 891 856 951 animo
876 887 1028 950 intendit.
1073 885 1160 966 Sed,
1182 894 1221 948 ut
1240 887 1274 946 in
1293 881 1372 943 dubii

187 977 354 1053 consiliis,
382 993 482 1036 naves
512 970 658 1034 deerant.
701 973 795 1036 Ratio
824 981 858 1036 et
884 974 1069 1036 constantia
1100 969 1194 1034 ducis
1215 965 1372 1030 transvexit

188 1059 239 1121 Ile
263 1060 357 1120 ositis
377 1056 529 1118 omnibus
551 1059 704 1128 sarcinis,
728 1058 921 1119 lectissimos
943 1057 1172 1133 auxiliarium,
1194 1053 1306 1135 quibus
1323 1053 1372 1108 not

186 1081 271 1206 vada
292 1149 325 1204 et
344 1141 474 1224 patrius
495 1138 596 1202 nandi
617 1161 698 1203 usus
708 1182 718 1213 ,
760 1159 825 1222 qoro
846 1141 944 1202 simul
965 1159 1066 1222 seque
1085 1146 1120 1200 et
1139 1156 1232 1200 arnm
1253 1143 1283 1198 et
1302 1149 1372 1214 equit

187 1235 319 1326 regunt,
342 1227 390 1286 ita
410 1232 547 1306 repente
565 1225 719 1304 immisit,
740 1234 779 1284 ut
800 1224 1018 1308 obstupefacti
1039 1223 1161 1301 hostes,
1183 1205 1242 1304 qbi
1256 1219 1372 1280 classen

187 1332 245 1394 qm
268 1328 385 1386 naves,
420 1307 479 1389 qui
500 1325 592 1368 mare
613 1309 862 1391 exspectabant,
899 1307 982 1368 nibil
1003 1305 1146 1369 arduum
1167 1313 1226 1365 aut
1246 1303 1372 1364 invictos

84 1405 88 1424 ¹
188 1391 392 1456 crediderint
420 1392 469 1452 sic
499 1387 541 1451 ad
571 1391 694 1453 bellum
724 1391 945 1454 venientibus.
998 1389 1049 1452 lta
1069 1391 1174 1472 petita
1194 1405 1273 1470 pace
1291 1403 1324 1444 ac
1341 1378 1372 1440 de

188 1477 257 1538 dita
277 1476 409 1554 insula,
431 1474 540 1535 clarus
561 1493 600 1536 ac
620 1493 757 1562 magnus
779 1475 896 1536 haberi
916 1473 1090 1574 Agricola3
1125 1473 1249 1555 quippe
1275 1467 1325 1530 cui
1347 1467 1372 1524 in

187 1558 351 1648 gredienti
372 1558 595 1641 provinciam,
637 1557 726 1640 quod
756 1567 886 1642 tempus
914 1560 971 1620 alsi
1000 1576 1062 1640 per
1081 1557 1325 1618 ostentationem
1343 1567 1372 1607 ao

187 1645 375 1705 officiorum
396 1641 557 1702 ambitum
585 1643 790 1728 transigunt,
831 1641 925 1704 labor
952 1649 985 1704 et
1011 1639 1198 1724 periculum
1224 1635 1372 1722 placuissel

187 1725 259 1789 Nec
279 1725 435 1812 Agricola
463 1726 617 1806 prosperi
652 1733 684 1788 te
705 1745 820 1789 rerum
845 1726 880 1788 in
907 1727 1087 1790 vanitatem
1115 1743 1195 1785 usus
1228 1715 1372 1810 expeditio

186 1831 261 1874 nem
281 1818 339 1872 aut
358 1809 534 1872 victoriam
554 1827 637 1871 voca
660 1817 710 1890 at,
729 1813 836 1872 victos
857 1811 1076 1870 continuisse:
1099 1827 1141 1868 ne
1162 1805 1316 1868 laureatis
1335 1817 1372 1880 qu

188 1891 262 1956 dem
282 1902 374 1979 gesta
394 1899 589 1974 prosecutus
611 1899 670 1953 est
712 1889 778 1955 Sed
798 1893 871 1976 ipsa
891 1891 1152 1954 dissimulatione
1170 1893 1276 1952 famae
1291 1889 1372 1946 tanat

187 1978 298 2049 auxit,
321 1973 591 2046 aestimantibus,
614 1985 736 2058 quamn
756 1978 864 2038 futuri
885 1996 944 2059 spe
963 1985 1031 2038 tam
1051 1993 1170 2061 magna
1189 1972 1349 2034 tacuisset·

259 2097 284 2147 1.
321 2093 413 2145 medie
433 2095 491 2145 iarn
512 2099 618 2145 aestate
639 2111 664 2146 a.
684 2093 719 2147 U.
740 2111 765 2146 e.
784 2096 847 2150 833.
866 2110 895 2163 p.
917 2089 968 2146 Cb.
988 2109 1016 2146 n.
1035 2087 1079 2148 so'.
1098 2091 1176 2144 Brat.
1214 2090 1308 2144 immo
1325 2079 1372 2137 al

187 2169 258 2230 8313
281 2163 386 2218 Watct.
403 2193 441 2205 -
458 2168 562 2218 omissa
589 2165 758 2235 expeditione
784 2167 817 2218 in
841 2163 1023 2218 Britanniam
1048 2165 1166 2234 eiusque
1185 2158 1372 2238 expugnatiotl

187 2255 324 2309 -quum
342 2239 449 2291 milites
477 2237 515 2290 eei
535 2241 713 2291 securitatem
738 2247 765 2292 et
791 2238 882 2292 bootes
908 2237 947 2290 ad
961 2241 1132 2292 amotionem
1150 2243 1321 2289 verterentur
1335 2241 1372 2300 pu

187 2327 278 2382 quum
300 2310 410 2364 milites
429 2309 464 2362 ad
489 2327 544 2363 sec.
565 2328 594 2364 se
619 2319 842 2378 converterent,
867 2311 964 2365 hostes
992 2311 1137 2364 occasioni
1161 2309 1270 2363 intenti
1300 2301 1372 2361 assati

190 2383 294 2436 Walcb.
332 2383 375 2436 cf.
395 2383 694 2451 11Α1111.2,20,2.
728 2383 763 2437 G.
783 2389 827 2441 3⁰.
847 2401 875 2436 n.
894 2387 921 2440 7.
949 2389 978 2438 et
995 2383 1056 2438 Ind.
1077 2385 1131 2437 111.
1150 2399 1179 2435 v.
1208 2381 1299 2434 Verba
1317 2375 1371 2430 ertit

183 2461 296 2528 passive
314 2463 369 2509 cet.
406 2455 453 2508 Ad
469 2457 636 2510 occasionem
654 2459 727 2510 verti
744 2464 786 2510 est
803 2459 954 2531 τρέπεσθαι
971 2458 1037 2528 πρὸς
1056 2453 1166 2581 surplis,
1191 2454 1297 2507 videre
1315 2457 1370 2503 ete

186 2537 331 2600 spectare,
352 2527 464 2598 quando
484 2530 595 2582 occasio
613 2529 658 2584 rei
676 2529 820 2605 gerendae
841 2531 886 2596 (ut
905 2546 930 2581 c.
952 2533 986 2583 11
998 2533 1087 2595 extr.)
1127 2535 1209 2591 etur,
1239 2527 1316 2580 Hert.
1350 2525 1371 2570 ul

186 2611 283 2657 rentur
300 2603 362 2654 Vat.
381 2603 461 2658 3129.
482 2601 560 2672 quod
578 2601 719 2671 placuisse
738 2602 856 2656 mireris
875 2601 986 2656 Dronk.
1007 2609 1035 2656 et
1054 2601 1168 2656 Peerlk.

256 2695 283 2749 2.
325 2693 486 2746 Ondocicum
505 2695 620 2755 civitas,
648 2711 675 2744 v.
696 2691 732 2744 ad
750 2707 811 2761 cap.
832 2694 875 2746 tt.
896 2708 924 2744 n.
943 2693 971 2748 2.
991 2699 1020 2746 et
1038 2691 1112 2746 Anu.
1135 2693 1184 2758 12,
1205 2695 1252 2748 33.
1273 2717 1310 2729 -
1335 2685 1371 2762 111

186 2771 218 2820 in
236 2767 343 2836 finibus
367 2769 426 2818 suis
455 2773 484 2818 et
511 2767 611 2818 castris
635 2765 747 2818 stativis
774 2771 918 2836 agentem,
945 2781 972 2816 v.
993 2764 1028 2818 ad
1046 2764 1120 2818 sun.
1142 2769 1174 2828 1,
1199 2767 1253 2830 68,
1285 2767 1312 2816 1.
1347 2757 1371 2811 Α

187 2839 376 2908 quantumin
394 2855 451 2890 una
472 2837 500 2890 le
522 2838 587 2891 ione
606 2837 739 2907 equiturn
765 2843 837 2890 erat.
875 2837 931 2904 „ln
956 2844 1015 2890 vet.
1041 2839 1128 2890 inser.
1155 2835 1342 2898 Britannica,
1364 2845 1371 2882 t

185 2919 269 2982 perta
293 2909 325 2962 in
348 2855 607 2974 Ricbmondsbire,
641 2917 820 2964 memoratur
846 2907 981 2963 Valerius
1015 2909 1124 2964 Fronto
1149 2907 1243 2978 Praef-
1270 2907 1322 2978 Esp-
1345 2895 1371 2964 Al

188 2983 273 3036 Vetto.
294 3000 321 3034 v.
343 2980 509 3034 cambden's
526 2981 676 3034 Britannia
693 2981 733 3051 by
751 2981 870 3053 Gybsou
887 2999 917 3052 p.
936 2984 1018 3039 762’2
1036 2983 1114 3038 Brot.
1132 3010 1169 3023 -
1186 2983 1371 3046 alumenu}

185 3054 220 3110 ed
237 3055 311 3107 Ann.
332 3055 378 3117 15,
399 3057 450 3116 11,
471 3057 496 3106 1.
516 3060 545 3107 et
563 3053 599 3106 H.
618 3057 655 3120 1,
674 3057 730 3120 76,
749 3059 775 3108 1.
803 3082 839 3095 -
872 3073 951 3126 eaque
978 3058 1066 3108 initio
1091 3063 1180 3108 erecte
1200 3056 1371 3126 provincial

185 3131 327 3196 opperiri.-
344 3127 419 3192 „Pro
439 3125 519 3200 vulg.
540 3125 751 3198 Provinciaeque
768 3137 882 3198 gentes,
902 3129 953 3180 illo
972 3131 1061 3183 initio
1080 3135 1194 3188 erectae,
1219 3126 1266 3196 (v.
1288 3123 1326 3178 ad
1344 3121 1370 3174 lb

189 3203 207 3256 3
237 3201 279 3265 7.)
304 3203 402 3270 quippe
425 3199 524 3268 quidus
549 3199 650 3252 bellum
673 3201 826 3255 volentibus
849 3209 925 3261 erat,
953 3202 994 3266 (v.
1023 3201 1059 3254 ad
1081 3200 1157 3253 Ann.
1177 3203 1210 3266 1,
1230 3203 1287 3264 59,
1310 3198 1370 3260 l.)t

188 3271 290 3338 (eliae)
308 3270 460 3340 probabant
477 3273 644 3342 rumphea,
661 3279 713 3324 aut
731 3271 828 3340 (aliae)
847 3277 961 3327 recentis
980 3275 1070 3346 legati
1086 3277 1214 3327 animum
1235 3267 1370 3343 opperiris

185 3353 241 3397 tur.
278 3345 314 3397 ln
341 3343 405 3399 Vat.
431 3345 513 3401 3129.
541 3351 585 3405 et,
602 3345 719 3416 quibus,
746 3345 825 3414 quod
842 3345 930 3398 multi
947 3363 1102 3417 recepere,
1128 3345 1234 3400 offensi
1257 3345 1370 3416 plump

184 3417 247 3483 iuer
265 3417 314 3472 sed
331 3419 476 3486 provincia
495 3423 537 3470 est
555 3433 660 3473 nornen
679 3417 795 3471 collect.
836 3417 876 3471 Ut
893 3423 942 3490 pue·
958 3419 1133 3489 plerumque
1153 3426 1182 3472 et
1201 3411 1325 3472 ihivio
1342 3429 1370 3478 se

182 3487 918 3618 1111115111ξῆ111111
944 3491 1062 3619 ¹s²is⁵⁹i¹
1085 3487 1370 3619 l¹¹⁶it³⁹ti³si

182 3636 247 3690 Vet.
266 3637 345 3692 3129.
366 3643 395 3690 et
415 3634 477 3688 edd.
498 3642 554 3688 vet.
574 3644 627 3692 eut
644 3638 762 3689 recentis
790 3634 853 3690 edd.
881 3635 1017 3691 11111112
1038 3601 1067 3692 31
1093 3601 1122 3690 ed
1139 3653 1199 3690 rec.
1218 3639 1370 3688 tantum!

182 3723 290 3762 omnes.
327 3705 471 3762 Absouum
499 3713 541 3760 est
565 3725 599 3760 ec
624 3715 654 3762 et
678 3707 804 3778 simplex
822 3717 872 3762 am
888 3725 943 3780 pro
963 3709 1084 3779 duplici.
1104 3727 1132 3762 v.
1152 3707 1285 3762 Emend.
1308 3705 1370 3766 Livi

182 3781 263 3837 1892’
285 3779 391 3832 Watct.
429 3779 472 3834 ct.
492 3777 554 3832 lud.
564 3779 602 3834 11.
622 3790 655 3834 ut
673 3781 822 3853 quibusque
841 3781 968 3836 rnelebet
987 3782 1065 3852 Lips.
1084 3780 1149 3834 vid.
1168 3780 1203 3834 ad
1221 3779 1310 3833 Ann.
1332 3781 1370 3841 l,l

182 3855 206 3906 1.
227 3861 256 3906 et
273 3851 308 3905 Η.
328 3857 361 3912 3,
379 3857 433 3919 31,
454 3857 478 3907 1.

254 3946 280 4000 3.
300 3961 456 4013 quanquam
475 3951 632 3998 transvecta
650 3953 750 4007 aestas,
769 3963 797 3998 ν.
813 3945 849 3999 ad
859 3945 928 4013 112,
940 3949 985 4013 76,
995 3949 1022 4010 7,
1041 3949 1196 3997 mneaecta
1215 3955 1247 3992 c.
1261 3941 1334 3994 Vat.
1345 3944 1369 3994 at

185 4021 213 4068 et
226 4014 289 4070 edd.
304 4023 360 4068 vet
390 4023 537 4070 transacta
551 4015 594 4070 ed.
611 4014 702 4071 Rhen.
723 4021 748 4073 2
768 4021 794 4074 3.
808 4025 908 4072 etrec.
929 4025 1042 4071 tantum
1057 4033 1116 4070 non
1132 4029 1245 4068 ornnes.
1271 4043 1309 4054 -
1332 4031 1369 4082 sp

180 4105 231 4158 per
246 4091 422 4157 prouinciam
440 4093 563 4150 numeri,
582 4107 609 4142 v.
629 4089 665 4142 ad
679 4090 754 4144 Ann.
774 4093 806 4158 2,
823 4095 877 4156 80,
897 4093 922 4145 1.
961 4093 1103 4143 innumeri
1121 4085 1194 4140 coni.
1214 4085 1361 4148 Urs„—

183 4159 327 4214 thouturot
352 4161 384 4212 in
401 4161 462 4214 Val.
487 4163 567 4220 3129.
587 4161 758 4216 incollatura.
778 4192 814 4204 -
840 4172 868 4216 et
888 4165 1029 4234 plerisque
1053 4161 1188 4215 custodiri
1214 4169 1366 4228 suspecta

181 4237 253 4296 tius,
272 4233 392 4299 melius,
421 4235 543 4298 rectius,
562 4235 721 4296 violabatur,
746 4237 881 4306 plerique
901 4235 1003 4309 legati,
1023 4233 1150 4298 tribuni,
1171 4231 1351 4285 censebant
1368 4251 1369 4256 ¹

181 4305 237 4358 lius
255 4307 332 4372 lore,
361 4305 385 4360 si
411 4315 557 4376 suspectae
575 4306 761 4379 hostibusque
787 4309 929 4364 obnoxiae
947 4307 1117 4378 provinciae
1135 4311 1238 4374 partes
1289 4303 1369 4362 rsesi

180 4377 358 4448 imponendis
383 4381 599 4443 custodirentur,
628 4381 834 4449 demerentur,
867 4389 1095 4450 cavereturque,
1123 4395 1159 4434 uc
1187 4323 1287 4444 quidj
1306 4393 1369 4433 mot
