2868 4798
190 182 249 246 192
539 177 714 244 menum
736 179 794 243 nu
816 143 1051 244 summme

187 349 248 403 446.
286 346 331 400 Ex
349 345 454 400 iisdem
464 337 569 400 ¹verbis
588 345 694 420 colligi
711 353 821 414 potest,
841 353 948 414 quanta
965 309 1103 398 uniierse
1121 345 1159 398 sit
1176 343 1254 416 regis
1271 351 1414 414 potestas,

188 419 366 542 rurreppi
383 417 755 543 ¹³⁰·¹‘'¹l‘‡.i¹¹²⁶“-¹³⁰.'l.t⁸i
776 433 1112 542 titudine
1141 415 1307 541 mitt?
1322 429 1414 540 Ψ

187 500 537 631 ἓξηιῖιξὲιιένῗιζῗιᾶυιη,
548 509 682 616 uppremo
704 526 791 615 nodas
819 561 960 615 moliatur
975 507 1081 614 smapts
1089 506 1229 616 iductriadnes
1249 504 1414 630 casimiri}

187 653 273 704 quam
292 634 417 702 nobiles,
437 635 561 709 ingenui
581 642 610 689 et
628 633 774 687 libertini.
814 633 856 687 Cf.
877 634 954 709 inpr.
982 649 1044 703 cap.
1064 635 1108 689 25.
1130 641 1159 687 et
1176 631 1274 686 Barth.
1294 630 1325 702 §.
1344 637 1414 688 331.

186 725 268 780 neque
287 710 431 777 ingenium
449 709 510 760 Put.
520 709 547 762 2.
566 723 626 760 non
645 712 669 760 1.
707 724 756 758 nec
773 706 934 759 libertinum
952 707 1060 776 quidem
1080 705 1123 759 ed.
1143 707 1220 758 Men.
1258 704 1302 759 cf.
1322 705 1360 758 ad
1376 705 1414 758 H.

185 781 219 849 2,
238 783 287 847 76,
307 785 349 836 10.
386 780 475 834 Paule
492 787 558 850 post
574 782 669 851 regiae
686 781 826 832 utilitatis
845 786 887 832 cst
904 777 1030 832 malebat
1048 779 1084 832 N.
1096 777 1195 832 Heius.

636 921 831 977 CAPUT
867 921 949 976 XLV.

174 1121 175 1126 ,
308 1053 417 1117 Trans
455 1049 596 1114 Suionas
632 1049 723 1114 aliud
762 1071 878 1133 mare,
943 1053 1055 1139 igrum
1089 1072 1128 1114 ac
1179 1070 1261 1136 rope
1292 1052 1414 1112 immo-

185 1149 277 1218 tum,
309 1157 375 1220 quo
401 1137 489 1235 cingi
519 1133 673 1217 cludique
699 1071 1334 1216 terrarum·o1d›smhinefides,quod
1357 1153 1414 1194 ex-

184 1231 310 1284 tremus
340 1218 484 1282 cadentis
509 1220 576 1279 iam
602 1219 680 1280 solis
708 1219 818 1304 fulgor
844 1221 881 1280 in
902 1229 997 1281 ortus
1019 1215 1156 1298 edurat,
1185 1215 1267 1279 adeo
1288 1218 1414 1294 clarus,

184 1314 224 1368 ut
249 1303 360 1366 sidera
389 1303 528 1365 hebetet.
578 1297 705 1364 Senum
733 1303 871 1384 insuper
898 1301 1024 1373 audiri,
1056 1305 1178 1364 formas
1209 1299 1349 1363 deorum
1383 1305 1414 1360 et

185 1385 296 1450 radios
319 1388 435 1470 capitis
466 1386 587 1468 aspici,
632 1387 803 1468 persuasio
825 1383 950 1449 adiicit.
996 1385 1079 1447 Illuc
1099 1404 1226 1468 usque,
1252 1391 1292 1444 ut
1311 1386 1414 1460 fama,

183 1491 266 1536 vera
285 1478 414 1531 tantum
434 1479 565 1531 natura.
608 1467 695 1554 Ergo
722 1469 789 1528 iam
811 1465 928 1532 dextmt
949 1465 1084 1532 Suevici
1103 1469 1205 1528 maris
1226 1467 1325 1529 litore
1346 1466 1414 1527 Ae·

184 1563 336 1634 styorum
366 1560 478 1650 gentes
505 1552 695 1630 alluuntur,
708 1585 711 1598 ·
725 1551 846 1634 quibus
875 1555 962 1614 ritus
990 1553 1188 1634 habitusque
1208 1546 1414 1628 Summum,

184 1639 298 1721 lingna
327 1635 538 1696 Britannicae
567 1637 718 1717 propior.
767 1632 914 1698 Matrem
942 1635 1052 1698 Deum
1073 1643 1299 1698 venerantur:
1328 1634 1414 1694 insi-

183 1741 247 1807 gne
269 1719 514 1802 superstitionis
530 1721 653 1780 formas
676 1736 836 1800 aprorum
857 1727 995 1806 gestant.
1038 1717 1078 1779 Id
1095 1735 1158 1801 pro
1179 1718 1282 1778 armis
1303 1717 1414 1776 omni·

231 1823 250 1866 e
280 1804 382 1866 tutela
410 1803 567 1864 securum
595 1797 674 1862 deae
701 1803 864 1864 cultorem
891 1804 992 1865 etiam
1012 1803 1102 1863 inter
1121 1801 1231 1861 hostes
1251 1807 1414 1883 praestat

233 1907 292 1950 rus
313 1886 414 1964 ferri,
444 1888 601 1966 frequens
632 1886 771 1946 fustium
792 1901 884 1947 usus.
926 1885 1103 1948 Frumenta
1124 1891 1318 1965 ceterosque
1338 1885 1414 1943 iru-

184 1981 257 2034 ctus
278 1970 475 2052 patientius,
497 1987 596 2050 quam
616 1985 679 2050 pro
700 1968 797 2046 solita
820 1967 1063 2030 Germanorum
1084 1967 1227 2046 inertia,
1248 1967 1414 2027 laborant.

183 2051 251 2116 Sed
280 2061 314 2114 et
337 2071 433 2114 mare
460 2058 653 2112 scrutantur
679 2071 718 2112 ac
748 2053 810 2112 soli
838 2055 988 2114 omnium
1009 2051 1202 2124 succinum,
1234 2047 1324 2133 quod
1343 2051 1414 2132 ipsi

184 2138 317 2198 Glesnm
346 2143 483 2214 rorant,
519 2136 610 2196 inter
636 2132 722 2197 vada
752 2142 852 2217 atque
879 2137 915 2196 in
943 2137 1016 2217 ipsc
1045 2135 1144 2198 litore
1170 2133 1301 2218 legunt,
1336 2153 1414 2212 nec,

183 2239 269 2304 quae
290 2225 410 2280 natura
430 2237 557 2300 quaeve
577 2219 665 2278 ratio
686 2219 817 2316 gip-nat,
849 2226 888 2280 ut
914 2218 1083 2292 barbaris,
1114 2218 1302 2300 quaesitum
1322 2234 1414 2277 com-

207 2311 370 2366 ertumve.
411 2301 481 2362 Diu
502 2301 583 2383 quin
603 2301 703 2362 etiam
723 2309 813 2364 mter
834 2309 944 2364 cetera
966 2304 1181 2364 eiectamenta
1200 2300 1303 2360 maris
1323 2299 1414 2360 iace-

183 2323 255 2466 bat,
278 2383 382 2448 donec
399 2384 535 2446 luxuria
550 2391 664 2444 nostra
682 2381 774 2447 dedit
789 2403 919 2447 nomen.
961 2383 1047 2468 Ipsis
1064 2386 1100 2444 in
1114 2383 1204 2445 nullo
1220 2403 1304 2444 usu:
1325 2379 1414 2443 rude

183 2471 323 2558 legitur,
346 2469 488 2530 informe
499 2469 687 2549 perfertur,
708 2469 920 2550 pretiumque
934 2469 1092 2529 mirantes
1106 2468 1285 2550 accipiunt.
1327 2461 1414 2525 Suc-

184 2573 261 2615 cum
287 2559 397 2612 tamen
426 2551 585 2612 arborum
614 2569 685 2612 esse
714 2551 896 2637 intelligas,
925 2553 1005 2634 quia
1024 2559 1158 2614 terrena
1180 2546 1339 2632 quaedm
1362 2556 1414 2608 at-

184 2655 249 2720 que
270 2637 370 2698 ctiam
390 2634 542 2697 volucria
561 2633 716 2694 animalia
736 2635 934 2716 plerumque
954 2635 1173 2712 interlucent,
1242 2651 1281 2694 ae
1300 2631 1414 2712 impli-

184 2727 256 2782 cata
276 2718 417 2780 humore
438 2735 532 2796 mox,
556 2713 751 2779 durescente
772 2720 929 2798 materia,
961 2716 1152 2780 cluduntur.
1228 2713 1414 2778 ecundicra

183 2805 289 2890 igitur
310 2819 445 2863 nemora
466 2801 641 2880 lucosque,
674 2801 762 2861 sicut
783 2799 933 2862 Orientis
955 2801 1106 2880 semotis,
1128 2800 1188 2863 ubi
1207 2806 1286 2861 tura
1305 2797 1412 2859 balsa-

182 2903 302 2968 maque
323 2881 503 2960 sudantur,
533 2883 582 2944 ita
610 2880 799 2944 Occidentis
830 2885 949 2946 insulis
970 2886 1138 2966 terrisque
1164 2885 1273 2945 inesse
1300 2877 1411 2941 credi-

183 2967 308 3047 derim,
330 2984 416 3051 quac
437 2965 541 3027 vicini
563 2964 641 3025 solis
663 2963 767 3027 radiis
789 2985 944 3050 expressa
973 2975 1074 3050 atque
1093 2967 1254 3049 liquentia
1273 2967 1310 3025 in
1328 2981 1411 3046 pro·

182 3054 315 3114 ximum
331 3067 423 3110 mare
443 3047 602 3109 labuntur
622 3065 660 3108 ac
680 3049 716 3110 vi
729 3057 967 3132 tempestatum
982 3053 1018 3111 in
1031 3049 1172 3114 adversa
1186 3051 1286 3110 litora
1305 3066 1410 3109 exuu-

183 3133 270 3196 dant
313 3128 351 3192 Si
371 3138 525 3192 naamam
546 3130 671 3191 succini
692 3129 825 3194 admoto
846 3133 917 3220 igni
933 3142 1058 3214 tentes,
1079 3134 1114 3194 in
1136 3131 1272 3194 modum
1292 3127 1410 3193 taedae

182 3212 377 3280 accenditur
397 3214 520 3296 alitque
539 3215 705 3274 flammam
724 3216 883 3304 pinguem
905 3219 1120 3295 atalantam,
1146 3234 1223 3278 mox
1243 3215 1338 3276 utin
1359 3213 1410 3296 pi-

168 3313 254 3364 'cem
275 3301 461 3360 resinamve
481 3296 642 3358 lentescit.
929 3341 934 3348 .

265 3379 444 3444 Suionibus
484 3376 640 3442 Sitonum
674 3389 787 3466 gentes
826 3385 1087 3446 continuanium
1129 3379 1248 3444 Cetera
1285 3378 1409 3440 similes

182 3485 250 3528 unc
271 3463 450 3542 differunt,
472 3461 562 3545 quod
582 3465 704 3525 femina
725 3462 926 3528 dominatur.
970 3465 1009 3528 In
1030 3474 1159 3528 tantum
1181 3483 1249 3525 non
1269 3459 1368 3523 mode
1391 3479 1410 3520 a

181 3549 355 3628 libertate,
376 3545 553 3608 sedetiam
574 3565 595 3608 a
614 3548 778 3610 servitute
800 3547 1011 3636 degenerant.
1059 3549 1128 3610 Hic
1149 3545 1292 3611 Sueviae
1319 3545 1408 3607 finis.

255 3686 282 3736 1.
323 3679 412 3734 Trana
437 3680 557 3735 satanae
584 3681 667 3734 aliud
692 3699 770 3734 mare
795 3711 832 3722 —
859 3692 980 3749 natura,
1008 3701 1076 3737 vera
1103 3681 1183 3736 falsis
1213 3680 1409 3749 fabulosisque

181 3753 280 3806 mixta.
318 3753 362 3806 Gi.
382 3753 419 3804 ad
437 3757 498 3824 cap'.
516 3757 561 3808 44.
582 3771 610 3806 n.
631 3759 703 3807 1.-
720 3771 797 3806 mare
815 3753 970 3822 Bellicum,
989 3755 1067 3824 quod
1078 3756 1218 3808 Satricum
1236 3753 1324 3824 paulo
1343 3758 1408 3822 post

182 3825 308 3890 dicium,
325 3827 441 3896 pigrum
468 3843 500 3878 ac
523 3843 607 3894 prope
626 3829 790 3887 immotum,
808 3835 932 3897 propter
955 3829 1124 3882 continuam
1143 3826 1271 3900 glaciem
1291 3823 1408 3876 materi-

182 3915 264 3950 amve
283 3913 408 3950 crassam
432 3913 466 3948 ac
491 3914 584 3967 paene
610 3898 884 3968 impenetrabilem,
916 3901 1001 3969 quale
1027 3901 1106 3953 illud
1131 3899 1173 3951 fin
1195 3899 1297 3952 ebatur
1325 3896 1405 3950 oliln.

183 3987 210 4022 v.
230 3969 265 4022 ad
285 3985 346 4038 cap.
365 3971 391 4023 2.
412 3986 440 4020 n.
460 3972 486 4024 2.
515 3977 544 4022 et
569 3985 640 4038 quos
665 3971 724 4022 iam
755 3973 945 4025 contulerunt
963 3971 1152 4039 Bithunum,
1209 3968 1274 4022 iltb.
1295 3967 1406 4029 etalii,

182 4041 249 4094 Tac.
268 4041 338 4114 Agr.
359 4045 401 4094 10.
423 4039 483 4104 (ubi
502 4041 588 4094 etiam
608 4059 690 4095 causa
709 4044 754 4096 rei
774 4044 929 4110 adiicitur)
954 4043 1043 4114 Orph.
1062 4044 1132 4119 Arg.
1153 4046 1287 4110 1085seq.
1317 4039 1407 4110 Apol-

182 4113 243 4168 lcn.
263 4112 334 4188 Arg.
353 4117 387 4176 4,
405 4114 467 4168 327.
486 4115 541 4168 505
551 4129 609 4181 seq.
630 4114 716 4176 elin.
736 4119 765 4180 4,
786 4121 829 4173 13.
845 4135 866 4169 s.
886 4119 930 4174 27.
960 4116 1047 4185 (mare
1065 4116 1255 4178 Amalchium,
1273 4113 1407 4166 Marima-

183 4203 248 4240 ruen
266 4193 294 4238 et
313 4185 456 4251 Granium)
475 4189 530 4250 37,
549 4187 576 4242 2.
597 4189 685 4252 (mare
704 4191 876 4256 cannetum)
895 4190 1026 4244 Iuvenal.
1045 4193 1079 4256 2,
1100 4195 1124 4244 1.
1145 4189 1283 4256 (Oceanus
1300 4188 1407 4257 glacia-

182 4257 231 4323 lit)
250 4257 354 4312 Pedon.
374 4257 506 4311 Albinov.
527 4264 556 4310 et
575 4259 611 4311 al.
650 4277 725 4312 mare
742 4265 857 4334 pigrum
875 4261 914 4319 id.
933 4263 980 4332 qd.
998 4281 1085 4333 prope
1104 4266 1259 4319 immotam,
1276 4267 1310 4311 ut
1326 4261 1407 4329 piger

182 4331 318 4394 Avernus,
333 4333 423 4403 pigra
436 4333 521 4401 palus
539 4339 567 4384 et
584 4349 672 4403 aqua,
691 4334 775 4388 tarda
788 4337 886 4407 palus,
905 4337 982 4389 lenta
1000 4343 1125 4408 stagna,
1143 4337 1277 4405 ignavum
1288 4333 1404 4400 flumen,

1333 4431 1405 4481 inere
