2890 4790
542 199 684 268 CAPUT
711 201 773 266 lv.
894 203 899 210 '
927 145 930 152 Ι
1224 207 1263 270 31

1 351 2 442 l
40 389 201 450 numeru,
221 365 326 430 idem=
348 369 502 432 omnibus
523 378 634 432 truces
655 379 689 432 et
709 371 852 434 caerulei
872 372 978 451 oculi,
1001 371 1122 436 rutilae
1143 393 1267 452 comas,

1 463 2 474 ¹
40 475 155 542 magna
177 471 322 536 corpora
351 461 541 534 ettautum
569 453 611 514 ad
638 455 798 536 impetum
825 454 943 518 valida.
996 455 1137 520 Laboris
1168 468 1295 540 atque*

39 559 179 622 operum
203 557 269 598 non
291 534 405 597 eadem
426 539 601 620 patientia:
621 539 837 620 'minimeque
867 541 957 600 sitim
978 548 1169 626 aestumque
1190 543 1267 604 tole·

39 643 133 702 rare,
156 623 287 708 frigora
306 627 407 704 atque
427 619 572 684 inediam
593 622 682 682 coelo
703 623 817 687 solove
835 634 1065 686 assueverunt.

106 727 134 776 1.
173 715 237 790 Ipse
255 737 348 772 sorum
367 719 546 788 opinionibus
564 720 658 772 accedo
676 727 742 786 cet„
761 739 790 774 v.
809 719 846 774 ad
864 737 927 791 cap.
945 723 972 778 2.
993 740 1023 776 u.
1043 727 1069 777 1.
1087 737 1134 793 pr.
1153 749 1190 762 -·
1207 725 1268 777 uul-

39 797 71 848 Iis
89 797 162 849 aliia
180 795 305 846 aliarum
323 795 473 847 nationum
492 792 637 846 connubiis
656 791 793 862 infectos.-
811 793 941 848 additum
959 796 1029 849 aliu
1037 795 1088 849 vel
1106 795 1142 850 ad
1159 813 1268 871 sugen-
1345 785 1352 799 ⁸

39 868 99 920 darn
129 865 361 920 enuntiationem
391 863 441 916 vel
473 865 570 934 potius
601 882 636 918 ex
663 883 716 920 usu
749 865 935 942 elegantioris
966 861 1124 933 orationis3
1161 869 1266 921 Guntia.

38 943 136 1000 „alias
156 945 188 991 et
207 937 293 1000 ἄλλος
312 935 423 1006 saepius
442 935 611 991 redundant.
631 955 659 992 v.
680 937 762 992 ovid.
783 941 849 992 liet.
871 943 906 992 10
913 973 922 1005 ,
942 943 1003 996 309.
1024 941 1108 994 Ηοιιι.
1129 939 1227 1010 Odyss.
1242 947 1268 1007 1,

41 1017 95 1068 133.
116 1013 201 1074 (ibb-
223 1013 269 1076 18,
276 1012 338 1064 201.
357 1011 475 1075 20,185.
493 1009 612 1067 Welch.
624 1009 736 1065 emend.
755 1010 818 1064 Liv.
837 1027 867 1080 p.
877 1013 921 1067 50.
941 1011 1018 1082 inpr.
1037 1011 1132 1068 Wolt
1151 1011 1188 1066 ad
1197 1013 1268 1066 Plat.

40 1083 142 1136 Phaed.
166 1087 212 1139 19.
236 1099 266 1152 p.
294 1085 338 1138 32
367 1089 396 1136 et
413 1081 535 1136 Erfurdt
561 1082 597 1136 nd
614 1081 702 1153 Soph.
723 1082 790 1138 oid.
810 1083 880 1152 Tyr.
901 1087 928 1139 7.
964 1085 1018 1150 Qui
1034 1085 1116 1138 ¹vocis
1134 1085 1269 1155 pleonas-

40 1175 104 1209 mus
123 1155 205 1210 abb.
225 1155 247 1208 1.
270 1153 467 1208 alienissimus.
504 1155 625 1224 Propius
652 1155 707 1208 iam
732 1154 810 1208 abest
833 1155 888 1208 ille
911 1155 1049 1210 adiectivi
1067 1157 1131 1224 vis,
1159 1158 1194 1212 de
1213 1175 1270 1228 qua

39 1249 64 1282 v.
85 1230 155 1284 Ero.
176 1228 254 1281 clav.
277 1225 336 1280 Gic.
374 1225 424 1280 Sic
441 1232 470 1280 et
489 1224 573 1290 ἄλλος
589 1228 738 1282 interdum
756 1243 810 1298 pro
829 1225 914 1286 ἄλλόι
932 1249 973 1292 tog
990 1227 1152 1296 adhibetur,
1171 1239 1268 1300 utap.

38 1304 119 1356 llum.
140 1301 194 1358 Od.
214 1301 267 1365 23,
292 1301 355 1354 274.
376 1307 405 1352 et
423 1295 510 1368 Supb.
531 1297 597 1352 Oed.
617 1299 686 1370 Tyr.
705 1302 768 1355 231.
797 1300 847 1354 ubi
870 1319 898 1354 v.
915 1250 981 1354 ltro.
1019 1299 1076 1354 sed
1102 1301 1268 1370 praestabit,

40 1376 133 1428 locum
154 1391 171 1426 e
191 1379 340 1424 structura
358 1371 389 1423 in
407 1371 469 1441 ipsa
485 1371 606 1440 periodo
625 1380 734 1426 mutata
754 1373 909 1442 explicare.
947 1373 1087 1427 Dicturus
1106 1383 1168 1427 erat
1183 1377 1270 1428 nullis

41 1450 103 1500 aliis
121 1449 187 1500 ιιίιί
202 1443 385 1514 popularibus
403 1445 546 1498 connubiis
564 1448 672 1498 mistos.
709 1445 792 1497 Haud
811 1445 952 1498 absimilia
968 1451 1093 1499 mutatae
1111 1454 1268 1500 construet.

41 1519 168 1590 exempla
190 1515 272 1569 dabit
290 1513 407 1568 Ruhnk.
427 1515 463 1568 ad
481 1515 571 1570 Rutil.
591 1517 702 1586 Lup.2‚
721 1519 747 1572 0.
767 1535 796 1588 p.
816 1519 883 1574 95.“
910 1517 982 1572 Pasa.
1010 1519 1124 1587 Optime
1143 1519 1267 1594 liongol.

40 1592 171 1644 daniam
196 1587 284 1642 durch
310 1587 387 1641 leina
410 1589 508 1642 andero
536 1589 745 1660 interpretatus
773 1595 835 1653 est;
863 1589 940 1644 Hesi.
982 1588 1146 1644 Delendum
1173 1591 1270 1662 potius

40 1669 100 1718 aliis
119 1680 183 1717 esse
203 1659 387 1714 arbitrantur
409 1661 486 1730 Lips.
514 1659 592 1716 rich.
612 1659 730 1717 Walch.
751 1669 779 1716 et
804 1661 864 1714 alii.
902 1663 961 1716 Nos
986 1681 1074 1715 vocem
1092 1663 1206 1716 uncinis
1225 1663 1270 1716 in·

42 1737 184 1790 clusimus.
225 1733 272 1787 cf.
292 1733 381 1786 verba
405 1731 508 1786 Adami
535 1733 629 1787 Brem.
656 1733 692 1786 ad
711 1751 735 1786 c.
755 1737 799 1790 20.
819 1752 847 1786 n.
867 1735 893 1788 8.
913 1735 1067 1805 adscripta.
1086 1763 1123 1774 ·-
1142 1735 1271 1804 infectos,
1382 1779 1385 1788 .

41 1819 67 1862 ut
85 1812 193 1862 minos
213 1821 240 1860 e.
262 1807 289 1859 2.
308 1823 353 1876 pr.
374 1813 403 1859 et
420 1805 532 1876 saepius
551 1807 675 1875 inficere,
693 1823 880 1876 corrumpere,
900 1808 938 1870 (c.
958 1807 993 1864 23
1012 1809 1073 1876 pr.)
1092 1810 1213 1868 violare,
1232 1811 1271 1862 vi·

41 1887 122 1942 liare,
140 1881 323 1940 audieram,
340 1896 486 1940 venenare,
503 1881 644 1954 φθείρειν,
663 1883 858 1952 συμφθείρειι,
875 1881 1007 1952 μιαίνειν,
1025 1878 1151 1950 μολύνειν
1170 1879 1205 1934 de
1224 1897 1271 1932 re·

42 1957 88 2007 bus
105 1971 162 2006 nun
182 1953 217 2006 iu
236 1949 334 2021 peius,
354 1950 404 2004 sed
422 1969 438 2004 a
455 1967 526 2004 vera
543 1969 593 2004 sua
612 1959 714 2004 natura
738 1951 769 2004 in
788 1951 879 2006 alium
898 1951 1082 2022 alienumque
1101 1970 1185 2005 usum
1205 1971 1271 2006 mu-

44 2027 120 2094 tatis,
138 2042 201 2080 non
220 2021 350 2094 amplius
370 2021 508 2090 sinceris,
527 2022 576 2076 sed
594 2023 710 2089 mixtis,
735 2023 892 2094 praecipue
912 2023 946 2077 de
966 2023 1020 2094 iis,
1040 2041 1164 2094 quarum
1184 2031 1270 2078 natu-

45 2119 100 2152 ram
117 2117 161 2152 ars
183 2105 215 2150 et
234 2095 368 2148 nativum
385 2096 515 2150 colorem
534 2095 674 2150 ascititius
692 2097 825 2150 variavit.
865 2095 908 2150 Cl.
929 2097 1001 2149 Pass.
1021 2095 1057 2150 ad
1081 2093 1110 2150 h.
1131 2095 1152 2149 1.
1183 2098 1271 2150 Hem·

44 2171 123 2226 sterb.
153 2169 194 2223 ad
220 2168 342 2222 Lucian.
370 2169 465 2220 Prom.
491 2185 520 2239 p.
548 2173 592 2224 31.
621 2167 733 2222 Kuster.
763 2168 799 2222 ad
825 2167 971 2240 Aristopb.
998 2169 1074 2222 Plut.
1094 2173 1157 2226 530.
1196 2169 1270 2226 Cum

43 2245 124 2298 animi
141 2252 248 2295 tamen
267 2239 466 2316 indignatione
485 2241 607 2310 quadam
625 2239 681 2294 hoc
701 2241 826 2306 dictum5
848 2241 952 2294 uentu

106 2319 132 2371 2
172 2315 323 2384 preprium
347 2319 374 2364 ei
396 2315 533 2366 sinceram
561 2321 589 2364 et
611 2319 722 2367 tantum
746 2315 793 2367 sui
808 2315 929 2366 similem
948 2321 1071 2384 genteme
1098 2329 1193 2384 „quae
1212 2313 1270 2367 tria

43 2389 111 2444 nibil
130 2387 217 2442 aliud
234 2393 313 2451 sunt,
331 2403 419 2455 quam
436 2384 515 2438 idem
534 2385 591 2439 alio
612 2385 710 2452 ruodo,
730 2385 847 2440 maioris
867 2387 1065 2440 affirmationis
1084 2394 1113 2439 et
1132 2383 1277 2458 ἐμφάσεως

42 2465 139 2546 gratia.
182 2460 231 2512 lta
252 2466 282 2512 ct
296 2461 428 2527 proprius
446 2477 524 2524 suus,
545 2463 642 2522 οἰκεῖος
649 2493 658 2520 ,
678 2475 745 2512 cum
764 2457 899 2528 pluribus
916 2473 974 2512 non
993 2459 1157 2512 communis
1176 2475 1270 2528 eoque

42 2531 280 2604 impermixtius-‘⁴
306 2531 390 2586 Grou.
423 2533 583 2600 propriam,
603 2531 651 2584 eui
668 2529 744 2584 nihil
763 2529 869 2597 alieni,
897 2529 1048 2606 peregrini
1066 2529 1197 2584 additum
1217 2538 1268 2597 est,

42 2603 275 2679 cigentbr'c'mlisb,
293 2603 511 2673 ursprriaglicbs
534 2603 613 2656 fluo.
649 2607 800 2664 sincerans,
819 2619 878 2656 non
897 2603 1040 2672 ursacium,
1060 2603 1271 2672 incorruptam,

42 2697 151 2748 puram.
174 2675 223 2730 Cf.
243 2675 278 2728 11.
298 2679 325 2740 b,
345 2678 390 2732 01.
410 2683 482 2730 extr.
503 2675 534 2729 0.
553 2677 598 2731 28.
617 2675 667 2728 fin.
692 2683 720 2729 et
747 2676 837 2729 verba
863 2673 942 2728 Suet.
969 2673 1044 2749 Aug.
1063 2677 1108 2730 10.
1135 2678 1272 2727 sincerum

43 2763 65 2802 ιι
81 2753 117 2806 ab
136 2752 223 2803 ωιιιιί
240 2749 392 2802 colluuione
412 2751 560 2820 peregrini
585 2755 613 2804 ei
638 2749 749 2802 seruilis
774 2750 924 2818 saguinis
949 2749 1140 2816 incorruptum
1166 2763 1273 2799 aarum

40 2828 182 2896 populun
221 2821 278 2873 Pro
295 2824 439 2890 propriam
458 2837 482 2874 c.
503 2819 598 2876 Bamb.
614 2828 776 2890 perpetum
795 2821 852 2887 (ci.
871 2819 937 2873 Ter.
956 2819 1046 2872 Andr.
1066 2823 1100 2886 5,
1120 2821 1147 2882 b,
1168 2817 1215 2888 5.)
1243 2826 1273 2872 et

42 2897 152 2950 drund.
170 2899 329 2964 propterea.
367 2891 449 2946 lllud
466 2893 627 2963 probarunt
644 2893 781 2946 nonnulli
799 2899 829 2946 et
846 2899 1006 2962 utrumque
1023 2889 1086 2961 Bip.
1115 2898 1210 2945 taram
1228 2894 1275 2946 sui

40 2975 118 3024 silem
144 2967 195 3024 ed
220 2966 283 3018 Par.
309 2983 382 3035 qnae
402 2973 465 3020 orta
484 2984 519 3019 ex
544 2981 638 3035 comp.
658 2965 758 3035 script.
795 2972 884 3018 totam
901 2967 949 3017 sui
964 2967 1085 3018 cunilam
1105 2965 1180 3017 coni.
1199 2963 1272 3017 Ern.

40 3047 81 3094 nii
97 3041 249 3095 similam.-
267 3037 358 3104 „licet
375 3037 555 3108 praecipiant
574 3037 764 3092 Grummatici
775 3045 821 3164 r?
846 3036 970 3108 probent
988 3036 1076 3090 multi
1094 3036 1273 3106 scriptorum

41 3115 119 3182 toci,
137 3113 253 3168 similis
271 3126 338 3164 cum
359 3109 455 3164 Genit
476 3110 511 3162 ad
529 3110 660 3164 animum
679 3117 709 3164 et
725 3126 774 3164 mo
808 3129 835 3178 s,
856 3127 924 3162 cum
943 3109 1008 3162 Dat.
1028 3109 1064 3162 ad
1083 3125 1187 3178 corpus
1207 3125 1272 3178 spe-

40 3198 139 3252 ctare,
170 3191 272 3236 umen
298 3181 373 3238 bauo
397 3181 590 3236 differentiam
616 3184 786 3252 frequenter
812 3181 1006 3258 neglexerunt
1028 3181 1146 3248 Latini,
1174 3187 1273 3250 prout,

40 3260 146 3324 mdo,
175 3255 294 3310 suavius
312 3263 441 3320 sonaret,
470 3262 498 3308 et
525 3254 619 3308 ubivis
647 3257 709 3308 fere
733 3258 779 3309 sui
796 3257 902 3308 similis
921 3254 1026 3308 dixisse
1044 3253 1190 3307 videntur.
1229 3253 1273 3306 cf.

39 3333 131 3386 Drak.
151 3329 195 3382 ad
211 3325 276 3382 niv.
295 3331 323 3392 6,
343 3332 384 3383 lu
413 3325 545 3380 Ruddim.
566 3325 618 3380 Gr.
637 3327 682 3394 11,
700 3332 745 3384 91.
770 3326 857 3382 Gosr.
877 3327 913 3380 ad
932 3327 992 3381 Gic.
1011 3325 1062 3380 fin.
1081 3328 1108 3394 5,
1128 3327 1177 3382 5.“
1196 3325 1272 3380 iisse.

38 3408 93 3458 sibi
112 3403 244 3456 similm
262 3399 362 3454 aum.
381 3399 477 3454 erem.
498 3399 569 3464 1,.5.
589 3417 617 3452 v.
638 3399 674 3452 ad
692 3417 717 3452 c.
736 3401 780 3455 20.
800 3417 829 3452 ιι.
849 3403 876 3454 8.

109 3479 139 3531 3.
181 3471 296 3526 balitus
314 3489 415 3542 quoque
434 3489 594 3540 corporum,
622 3488 724 3526 eornsn
752 3480 781 3526 et
806 3481 925 3526 externa
943 3470 1073 3542 species,
1103 3478 1132 3526 et
1150 3470 1274 3524 limitas

37 3567 68 3604 ac
87 3547 198 3602 moin.
217 3561 246 3598 v.
267 3543 302 3596 ad
318 3542 392 3598 Anu.
413 3549 439 3610 1,
459 3549 503 3610 10,
524 3548 566 3600 11.
586 3573 623 3584 -
643 3545 730 3598 idem.-
747 3545 872 3598 omuibus
892 3551 946 3597 cet.
967 3561 991 3596 c.
1002 3543 1071 3595 Tur.
1091 3543 1134 3596 ed.
1152 3560 1198 3612 pr.
1210 3545 1273 3596 Put.

37 3623 110 3676 Nor.
130 3621 228 3692 Pogg.
248 3615 332 3670 Vien.
352 3617 414 3669 Par.
433 3617 506 3670 Pass.
526 3613 619 3670 Dilth.
639 3617 719 3672 Hess.
740 3619 826 3678 idem,
854 3617 980 3670 omnibus
998 3613 1134 3669 libeni.
1155 3623 1185 3670 et
1202 3616 1273 3670 min.

37 3697 110 3748 iim
130 3691 386 3746 mutinenses·
405 3696 459 3742 cet.
479 3687 570 3744 Rhsn.
589 3693 616 3746 2.
636 3693 661 3744 3.
683 3697 785 3744 etcet.
814 3696 880 3743 ante
899 3690 970 3742 Pass.
994 3701 1049 3742 nec
1067 3687 1152 3742 male.
1188 3689 1276 3743 Pere-

37 3761 246 3842 grimtoribas
264 3760 416 3814 cumanode
435 3760 618 3816 observatum
639 3769 690 3828 est,
711 3779 768 3831 quo
787 3762 890 3815 rudior
903 3770 931 3814 et
948 3760 1090 3814 incultior
1104 3769 1176 3814 esset
1215 3779 1273 3828 ens,

37 3857 68 3893 ee
87 3839 196 3892 minus
214 3835 315 3964 inpia,
309 3851 339 3887 se
357 3832 476 3888 differre
493 3833 566 3888 facie
586 3841 615 3888 et
634 3835 763 3906 eorporis
781 3834 893 3912 liguram
912 3835 990 3888 Han.
1028 3833 1072 3887 01.
1092 3833 1145 3886 Iuv
1213 3837 1274 3902 .13,

38 3917 96 3970 ιειι,
157 3949 167 3962 .
190 3915 220 3960 et
264 3909 269 3920 '
354 3909 443 3960 ,111
710 3950 713 3956 ,

108 3927 156 4040 pq
178 3988 271 4034 incas
290 3923 382 4038 oculli,
401 3977 501 4048 q'sules
518 3985 586 4032 sunt
603 3977 749 4046 barbaris,
769 3978 959 4033 bellatoribus
978 3977 1080 4048 iisque,
1099 3979 1204 4048 quibus
1222 3995 1274 4032 na·

38 4067 102 4110 tura
121 4053 209 4110 dedit
221 4066 338 4122 corporo
355 4057 500 4121 magnast
513 4051 620 4127 ingens
639 4051 737 4106 robur.
775 4052 855 4105 Haec
872 4052 971 4104 vultus
990 4051 1170 4104 truculentia
1189 4059 1273 4106 aucta

39 4139 62 4182 et
79 4137 167 4184 metu
187 4133 219 4182 et
237 4133 317 4190 aute,
344 4123 380 4178 de
404 4141 462 4198 qua
487 4141 515 4178 v.
535 4141 596 4195 cap.
616 4127 660 4179 31.
680 4131 709 4178 et
726 4126 771 4180 38.
799 4125 869 4177 Hor.
890 4123 935 4177 od.
962 4127 995 4190 1,
1015 4123 1049 4190 5,
1069 4125 1113 4180 20.
1140 4129 1169 4178 et
1188 4123 1272 4193 epod.

40 4207 86 4266 lt,
105 4207 132 4260 7.
158 4229 199 4242 -
224 4199 349 4253 manui
366 4198 458 4256 mlt.
485 4193 673 4320 dxapouo‘tnc
694 4197 746 4252 τῶν
768 4193 785 4252 o'
823 4194 893 4252 uisus
921 4213 966 4266 ap.
993 4195 1068 4250 Plut.
1092 4197 1161 4248 Mar.
1182 4211 1207 4249 c.
1229 4199 1271 4250 11.

40 4274 118 4330 Tales
136 4273 222 4329 oculi
242 4281 309 4326 tum
329 4268 483 4322 Germanis
501 4276 531 4323 et
572 4269 709 4336 ritannis,
739 4271 792 4330 (un
813 4269 930 4323 eliritb
948 4275 977 4322 et
992 4271 1066 4337 picti
1082 4285 1126 4336 ap.
1147 4267 1271 4322 Martial.

41 4353 88 4417 ll,
112 4351 181 4419 99.)
200 4355 270 4402 tum
299 4340 434 4398 omnibus
459 4343 521 4396 iere
539 4341 655 4412 populis
673 4349 811 4414 septentr.
831 4339 1019 4408 tribuuntur3
1047 4337 1125 4409 quod
1151 4338 1269 4396 Aristot.
