<?xml version="1.0" encoding="UTF-8"?>
<!DOCTYPE html PUBLIC "-//W3C//DTD XHTML 1.0 Transitional//EN"
    "http://www.w3.org/TR/xhtml1/DTD/xhtml1-transitional.dtd">
<html xmlns="http://www.w3.org/1999/xhtml" xml:lang="en" lang="en">
 <head>
  <title>
</title>
<meta http-equiv="Content-Type" content="text/html;charset=utf-8" />
  <meta name='ocr-system' content='tesseract 3.04.00' />
  <meta name='ocr-capabilities' content='ocr_page ocr_carea ocr_par ocr_line ocrx_word'/>
</head>
<body>
  <div class='ocr_page' id='page_1' title='image "./ccorneliitaciti27tacigoog/ccorneliitaciti27tacigoog_0385.png"; bbox 0 0 2904 4802; ppageno 0'>
   <div class='ocr_carea' id='block_1_1' title="bbox 181 141 1110 227">
    <p class='ocr_par' dir='ltr' id='par_1_1' title="bbox 181 141 1110 227">
     <span class='ocr_line' id='line_1_1' title="bbox 181 141 1110 227; baseline -0.01 -1"><span class='ocrx_word' id='word_1_1' title='bbox 181 163 244 227; x_wconf 73' lang='lat' dir='ltr'><strong>sse</strong></span> <span class='ocrx_word' id='word_1_2' title='bbox 493 157 718 224; x_wconf 80' lang='lat' dir='ltr'><strong>annosus</strong></span> <span class='ocrx_word' id='word_1_3' title='bbox 740 159 799 223; x_wconf 84' lang='grc'><strong>111</strong></span> <span class='ocrx_word' id='word_1_4' title='bbox 822 141 1110 224; x_wconf 72' lang='lat' dir='ltr'><strong>omisimus.</strong></span> 
     </span>
    </p>
   </div>
   <div class='ocr_carea' id='block_1_2' title="bbox 184 321 1419 1476">
    <p class='ocr_par' dir='ltr' id='par_1_2' title="bbox 184 321 1419 958">
     <span class='ocr_line' id='line_1_2' title="bbox 185 321 1419 396; baseline -0.005 -16"><span class='ocrx_word' id='word_1_5' title='bbox 185 327 247 382; x_wconf 83' lang='grc'><strong>153.</strong></span> <span class='ocrx_word' id='word_1_6' title='bbox 281 329 354 384; x_wconf 77' lang='lat' dir='ltr'><strong>mitt</strong></span> <span class='ocrx_word' id='word_1_7' title='bbox 370 327 479 382; x_wconf 82' lang='lat' dir='ltr'><strong>uidetur</strong></span> <span class='ocrx_word' id='word_1_8' title='bbox 497 325 608 386; x_wconf 78' lang='lat' dir='ltr'><strong>Seruius</strong></span> <span class='ocrx_word' id='word_1_9' title='bbox 627 327 798 396; x_wconf 75' lang='lat' dir='ltr'><strong>eloquentiae</strong></span> <span class='ocrx_word' id='word_1_10' title='bbox 816 333 930 380; x_wconf 72' lang='lat' dir='ltr'><strong>tantm</strong></span> <span class='ocrx_word' id='word_1_11' title='bbox 947 325 1148 394; x_wconf 75' lang='lat' dir='ltr'><strong>assumpsisse,</strong></span> <span class='ocrx_word' id='word_1_12' title='bbox 1177 329 1206 376; x_wconf 90' lang='lat' dir='ltr'><strong>et</strong></span> <span class='ocrx_word' id='word_1_13' title='bbox 1222 321 1334 376; x_wconf 80' lang='lat' dir='ltr'><strong>Antan.</strong></span> <span class='ocrx_word' id='word_1_14' title='bbox 1355 321 1419 374; x_wconf 82' lang='lat' dir='ltr'><strong>Pius</strong></span> 
     </span>
     <span class='ocr_line' id='line_1_3' title="bbox 186 397 1419 470; baseline -0.005 -18"><span class='ocrx_word' id='word_1_15' title='bbox 186 397 514 470; x_wconf 55' lang='grc'><strong>0111111011251.</strong></span> <span class='ocrx_word' id='word_1_16' title='bbox 535 397 579 452; x_wconf 87' lang='lat' dir='ltr'><strong>ed.</strong></span> <span class='ocrx_word' id='word_1_17' title='bbox 599 398 681 452; x_wconf 86' lang='lat' dir='ltr'><strong>Rom.</strong></span> <span class='ocrx_word' id='word_1_18' title='bbox 712 400 764 452; x_wconf 87' lang='lat' dir='ltr'><strong>illa</strong></span> <span class='ocrx_word' id='word_1_19' title='bbox 784 417 855 470; x_wconf 78' lang='lat' dir='ltr'><strong>pars</strong></span> <span class='ocrx_word' id='word_1_20' title='bbox 878 402 1019 453; x_wconf 84' lang='lat' dir='ltr'><strong>orationis</strong></span> <span class='ocrx_word' id='word_1_21' title='bbox 1040 405 1148 454; x_wconf 85' lang='lat' dir='ltr'><strong>tuae-</strong></span> <span class='ocrx_word' id='word_1_22' title='bbox 1154 399 1323 466; x_wconf 61' lang='lat' dir='ltr'><strong>pateatne</strong></span> <span class='ocrx_word' id='word_1_23' title='bbox 1348 415 1367 448; x_wconf 86' lang='lat' dir='ltr'><strong>a</strong></span> <span class='ocrx_word' id='word_1_24' title='bbox 1393 402 1419 446; x_wconf 88' lang='lat' dir='ltr'><strong>te</strong></span> 
     </span>
     <span class='ocr_line' id='line_1_4' title="bbox 186 467 1419 547; baseline -0.005 -23"><span class='ocrx_word' id='word_1_25' title='bbox 186 481 337 545; x_wconf 72' lang='lat' dir='ltr'><strong>mumpta.</strong></span> <span class='ocrx_word' id='word_1_26' title='bbox 375 471 592 547; x_wconf 71' lang='lat' dir='ltr'><strong>significantius</strong></span> <span class='ocrx_word' id='word_1_27' title='bbox 611 477 707 524; x_wconf 90' lang='lat' dir='ltr'><strong>autem</strong></span> <span class='ocrx_word' id='word_1_28' title='bbox 726 478 769 525; x_wconf 88' lang='lat' dir='ltr'><strong>est</strong></span> <span class='ocrx_word' id='word_1_29' title='bbox 785 475 948 532; x_wconf 85' lang='lat' dir='ltr'><strong>assumitis,</strong></span> <span class='ocrx_word' id='word_1_30' title='bbox 978 469 1008 524; x_wconf 87' lang='grc'><strong>11.</strong></span> <span class='ocrx_word' id='word_1_31' title='bbox 1029 485 1054 524; x_wconf 87' lang='grc'><strong>0.</strong></span> <span class='ocrx_word' id='word_1_32' title='bbox 1083 477 1203 540; x_wconf 85' lang='lat' dir='ltr'><strong>praeter</strong></span> <span class='ocrx_word' id='word_1_33' title='bbox 1219 467 1352 522; x_wconf 77' lang='lat' dir='ltr'><strong>forensia</strong></span> <span class='ocrx_word' id='word_1_34' title='bbox 1370 483 1419 518; x_wconf 70' lang='lat' dir='ltr'><strong>ne-</strong></span> 
     </span>
     <span class='ocr_line' id='line_1_5' title="bbox 187 539 1419 619; baseline -0.005 -21"><span class='ocrx_word' id='word_1_35' title='bbox 187 545 267 619; x_wconf 78' lang='lat' dir='ltr'><strong>getis</strong></span> <span class='ocrx_word' id='word_1_36' title='bbox 287 554 316 600; x_wconf 91' lang='lat' dir='ltr'><strong>st</strong></span> <span class='ocrx_word' id='word_1_37' title='bbox 335 543 559 599; x_wconf 77' lang='lat' dir='ltr'><strong>declamationes</strong></span> <span class='ocrx_word' id='word_1_38' title='bbox 584 559 676 612; x_wconf 89' lang='lat' dir='ltr'><strong>aequo</strong></span> <span class='ocrx_word' id='word_1_39' title='bbox 701 543 797 598; x_wconf 82' lang='lat' dir='ltr'><strong>studio</strong></span> <span class='ocrx_word' id='word_1_40' title='bbox 822 543 969 614; x_wconf 76' lang='lat' dir='ltr'><strong>suscipitis</strong></span> <span class='ocrx_word' id='word_1_41' title='bbox 993 541 1083 598; x_wconf 86' lang='lat' dir='ltr'><strong>etiam</strong></span> <span class='ocrx_word' id='word_1_42' title='bbox 1106 540 1320 612; x_wconf 68' lang='lat' dir='ltr'><strong>disputationes</strong></span> <span class='ocrx_word' id='word_1_43' title='bbox 1346 539 1419 593; x_wconf 89' lang='lat' dir='ltr'><strong>eius·</strong></span> 
     </span>
     <span class='ocr_line' id='line_1_6' title="bbox 184 611 1419 691; baseline -0.003 -23"><span class='ocrx_word' id='word_1_44' title='bbox 184 615 285 685; x_wconf 89' lang='lat' dir='ltr'><strong>modi,</strong></span> <span class='ocrx_word' id='word_1_45' title='bbox 305 635 379 688; x_wconf 86' lang='lat' dir='ltr'><strong>quae</strong></span> <span class='ocrx_word' id='word_1_46' title='bbox 398 624 470 682; x_wconf 81' lang='grc'><strong>001,</strong></span> <span class='ocrx_word' id='word_1_47' title='bbox 496 633 584 685; x_wconf 84' lang='lat' dir='ltr'><strong>quam</strong></span> <span class='ocrx_word' id='word_1_48' title='bbox 603 616 761 686; x_wconf 79' lang='lat' dir='ltr'><strong>adiungitis</strong></span> <span class='ocrx_word' id='word_1_49' title='bbox 779 615 815 670; x_wconf 91' lang='lat' dir='ltr'><strong>iis</strong></span> <span class='ocrx_word' id='word_1_50' title='bbox 833 623 867 669; x_wconf 90' lang='lat' dir='ltr'><strong>ut</strong></span> <span class='ocrx_word' id='word_1_51' title='bbox 885 617 981 670; x_wconf 87' lang='lat' dir='ltr'><strong>minus</strong></span> <span class='ocrx_word' id='word_1_52' title='bbox 1000 617 1131 691; x_wconf 85' lang='lat' dir='ltr'><strong>graves.’&#39;</strong></span> <span class='ocrx_word' id='word_1_53' title='bbox 1167 615 1234 668; x_wconf 90' lang='lat' dir='ltr'><strong>Non</strong></span> <span class='ocrx_word' id='word_1_54' title='bbox 1252 611 1346 680; x_wconf 85' lang='lat' dir='ltr'><strong>haec,</strong></span> <span class='ocrx_word' id='word_1_55' title='bbox 1371 611 1419 666; x_wconf 86' lang='lat' dir='ltr'><strong>sed</strong></span> 
     </span>
     <span class='ocr_line' id='line_1_7' title="bbox 184 685 1418 762; baseline -0.003 -22"><span class='ocrx_word' id='word_1_56' title='bbox 184 687 240 740; x_wconf 86' lang='lat' dir='ltr'><strong>illa</strong></span> <span class='ocrx_word' id='word_1_57' title='bbox 258 693 355 760; x_wconf 89' lang='lat' dir='ltr'><strong>potius</strong></span> <span class='ocrx_word' id='word_1_58' title='bbox 375 695 418 745; x_wconf 90' lang='lat' dir='ltr'><strong>est</strong></span> <span class='ocrx_word' id='word_1_59' title='bbox 437 688 579 744; x_wconf 87' lang='lat' dir='ltr'><strong>sententia</strong></span> <span class='ocrx_word' id='word_1_60' title='bbox 598 688 736 743; x_wconf 88' lang='lat' dir='ltr'><strong>lectionis</strong></span> <span class='ocrx_word' id='word_1_61' title='bbox 755 689 911 762; x_wconf 78' lang='lat' dir='ltr'><strong>vulgatae,</strong></span> <span class='ocrx_word' id='word_1_62' title='bbox 931 705 1027 758; x_wconf 90' lang='lat' dir='ltr'><strong>neque</strong></span> <span class='ocrx_word' id='word_1_63' title='bbox 1047 693 1214 761; x_wconf 84' lang='lat' dir='ltr'><strong>congruunt</strong></span> <span class='ocrx_word' id='word_1_64' title='bbox 1231 685 1302 738; x_wconf 87' lang='lat' dir='ltr'><strong>loca</strong></span> <span class='ocrx_word' id='word_1_65' title='bbox 1322 703 1339 737; x_wconf 92' lang='lat' dir='ltr'><strong>a</strong></span> <span class='ocrx_word' id='word_1_66' title='bbox 1357 685 1418 736; x_wconf 85' lang='lat' dir='ltr'><strong>viro</strong></span> 
     </span>
     <span class='ocr_line' id='line_1_8' title="bbox 186 756 1415 835; baseline -0.003 -22"><span class='ocrx_word' id='word_1_67' title='bbox 186 759 272 817; x_wconf 91' lang='lat' dir='ltr'><strong>docto</strong></span> <span class='ocrx_word' id='word_1_68' title='bbox 292 769 466 835; x_wconf 80' lang='lat' dir='ltr'><strong>comparata.</strong></span> <span class='ocrx_word' id='word_1_69' title='bbox 486 791 523 802; x_wconf 96' lang='lat'><em>-</em></span> <span class='ocrx_word' id='word_1_70' title='bbox 559 769 587 814; x_wconf 86' lang='lat' dir='ltr'><strong>et</strong></span> <span class='ocrx_word' id='word_1_71' title='bbox 604 761 772 816; x_wconf 84' lang='lat' dir='ltr'><strong>eruditionis</strong></span> <span class='ocrx_word' id='word_1_72' title='bbox 790 770 819 815; x_wconf 87' lang='lat' dir='ltr'><strong>et</strong></span> <span class='ocrx_word' id='word_1_73' title='bbox 837 764 983 816; x_wconf 83' lang='lat' dir='ltr'><strong>literarum</strong></span> <span class='ocrx_word' id='word_1_74' title='bbox 1002 762 1133 831; x_wconf 80' lang='lat' dir='ltr'><strong>(synon.)</strong></span> <span class='ocrx_word' id='word_1_75' title='bbox 1152 776 1189 813; x_wconf 83' lang='lat' dir='ltr'><strong>ex</strong></span> <span class='ocrx_word' id='word_1_76' title='bbox 1208 756 1327 812; x_wconf 87' lang='lat' dir='ltr'><strong>emend.</strong></span> <span class='ocrx_word' id='word_1_77' title='bbox 1348 757 1415 810; x_wconf 85' lang='lat' dir='ltr'><strong>llud.</strong></span> 
     </span>
     <span class='ocr_line' id='line_1_9' title="bbox 184 829 1419 958; baseline -0.006 -72"><span class='ocrx_word' id='word_1_78' title='bbox 184 832 341 958; x_wconf 47' lang='lat' dir='ltr'><strong>{imm</strong></span> <span class='ocrx_word' id='word_1_79' title='bbox 360 843 389 890; x_wconf 90' lang='lat' dir='ltr'><strong>et</strong></span> <span class='ocrx_word' id='word_1_80' title='bbox 406 835 502 906; x_wconf 78' lang='lat' dir='ltr'><strong>nipsii</strong></span> <span class='ocrx_word' id='word_1_81' title='bbox 520 851 538 888; x_wconf 84' lang='lat' dir='ltr'><strong>a</strong></span> <span class='ocrx_word' id='word_1_82' title='bbox 556 834 659 888; x_wconf 88' lang='lat' dir='ltr'><strong>multis</strong></span> <span class='ocrx_word' id='word_1_83' title='bbox 677 841 838 905; x_wconf 87' lang='lat' dir='ltr'><strong>receptum.</strong></span> <span class='ocrx_word' id='word_1_84' title='bbox 866 843 893 888; x_wconf 88' lang='lat' dir='ltr'><strong>et</strong></span> <span class='ocrx_word' id='word_1_85' title='bbox 904 835 1072 889; x_wconf 70' lang='lat' dir='ltr'><strong>eruditiones</strong></span> <span class='ocrx_word' id='word_1_86' title='bbox 1084 831 1129 888; x_wconf 87' lang='lat' dir='ltr'><strong>ed.</strong></span> <span class='ocrx_word' id='word_1_87' title='bbox 1142 848 1189 901; x_wconf 88' lang='lat' dir='ltr'><strong>pr.</strong></span> <span class='ocrx_word' id='word_1_88' title='bbox 1196 833 1260 886; x_wconf 86' lang='lat' dir='ltr'><strong>Put.</strong></span> <span class='ocrx_word' id='word_1_89' title='bbox 1273 829 1342 882; x_wconf 84' lang='lat' dir='ltr'><strong>Riv.</strong></span> <span class='ocrx_word' id='word_1_90' title='bbox 1354 830 1419 883; x_wconf 84' lang='grc'><strong>1101.</strong></span> 
     </span>
    </p>

    <p class='ocr_par' dir='ltr' id='par_1_3' title="bbox 184 905 1419 1476">
     <span class='ocr_line' id='line_1_10' title="bbox 233 905 1419 978; baseline -0.004 -17"><span class='ocrx_word' id='word_1_91' title='bbox 233 923 278 961; x_wconf 88' lang='lat' dir='ltr'><strong>en.</strong></span> <span class='ocrx_word' id='word_1_92' title='bbox 300 913 324 963; x_wconf 92' lang='lat'><strong>1.</strong></span> <span class='ocrx_word' id='word_1_93' title='bbox 363 917 392 962; x_wconf 88' lang='lat' dir='ltr'><strong>et</strong></span> <span class='ocrx_word' id='word_1_94' title='bbox 409 908 589 962; x_wconf 84' lang='lat' dir='ltr'><strong>eruditionem</strong></span> <span class='ocrx_word' id='word_1_95' title='bbox 607 905 793 963; x_wconf 77' lang='grc'><strong>11111123.</strong></span> <span class='ocrx_word' id='word_1_96' title='bbox 816 905 883 962; x_wconf 77' lang='lat' dir='ltr'><strong>All.</strong></span> <span class='ocrx_word' id='word_1_97' title='bbox 903 908 984 978; x_wconf 73' lang='lat' dir='ltr'><strong>Lips,</strong></span> <span class='ocrx_word' id='word_1_98' title='bbox 1005 905 1190 960; x_wconf 74' lang='grc'><strong>1111111111.</strong></span> <span class='ocrx_word' id='word_1_99' title='bbox 1211 919 1286 973; x_wconf 88' lang='lat' dir='ltr'><strong>quos</strong></span> <span class='ocrx_word' id='word_1_100' title='bbox 1305 909 1419 956; x_wconf 83' lang='lat' dir='ltr'><strong>secutus</strong></span> 
     </span>
     <span class='ocr_line' id='line_1_11' title="bbox 185 973 1416 1053; baseline -0.005 -20"><span class='ocrx_word' id='word_1_101' title='bbox 185 996 258 1033; x_wconf 81' lang='lat' dir='ltr'><strong>suus.</strong></span> <span class='ocrx_word' id='word_1_102' title='bbox 295 990 323 1034; x_wconf 87' lang='lat' dir='ltr'><strong>et</strong></span> <span class='ocrx_word' id='word_1_103' title='bbox 340 986 483 1053; x_wconf 79' lang='lat' dir='ltr'><strong>ingenium</strong></span> <span class='ocrx_word' id='word_1_104' title='bbox 502 982 587 1033; x_wconf 86' lang='lat' dir='ltr'><strong>alunt</strong></span> <span class='ocrx_word' id='word_1_105' title='bbox 599 983 798 1034; x_wconf 72' lang='lat' dir='ltr'><strong>exercitatione</strong></span> <span class='ocrx_word' id='word_1_106' title='bbox 811 981 858 1047; x_wconf 91' lang='lat' dir='ltr'><strong>(ut</strong></span> <span class='ocrx_word' id='word_1_107' title='bbox 873 981 1001 1046; x_wconf 77' lang='lat' dir='ltr'><strong>c.33,2.)</strong></span> <span class='ocrx_word' id='word_1_108' title='bbox 1016 979 1092 1033; x_wconf 89' lang='lat' dir='ltr'><strong>coni.</strong></span> <span class='ocrx_word' id='word_1_109' title='bbox 1107 977 1213 1030; x_wconf 78' lang='lat' dir='ltr'><strong>ileum.</strong></span> <span class='ocrx_word' id='word_1_110' title='bbox 1230 983 1261 1030; x_wconf 91' lang='lat' dir='ltr'><strong>et</strong></span> <span class='ocrx_word' id='word_1_111' title='bbox 1275 973 1416 1030; x_wconf 78' lang='lat' dir='ltr'><strong>Sohund.</strong></span> 
     </span>
     <span class='ocr_line' id='line_1_12' title="bbox 185 1047 1417 1124; baseline -0.002 -22"><span class='ocrx_word' id='word_1_112' title='bbox 185 1059 214 1104; x_wconf 88' lang='lat' dir='ltr'><strong>et</strong></span> <span class='ocrx_word' id='word_1_113' title='bbox 232 1056 292 1124; x_wconf 79' lang='lat' dir='ltr'><strong>ing.</strong></span> <span class='ocrx_word' id='word_1_114' title='bbox 312 1057 394 1108; x_wconf 75' lang='lat' dir='ltr'><strong>alum</strong></span> <span class='ocrx_word' id='word_1_115' title='bbox 412 1055 570 1109; x_wconf 78' lang='lat' dir='ltr'><strong>eruditione</strong></span> <span class='ocrx_word' id='word_1_116' title='bbox 593 1052 680 1107; x_wconf 88' lang='lat' dir='ltr'><strong>Acid.</strong></span> <span class='ocrx_word' id='word_1_117' title='bbox 708 1051 787 1123; x_wconf 89' lang='lat' dir='ltr'><strong>quod</strong></span> <span class='ocrx_word' id='word_1_118' title='bbox 811 1053 944 1108; x_wconf 80' lang='lat' dir='ltr'><strong>arridere</strong></span> <span class='ocrx_word' id='word_1_119' title='bbox 965 1058 1063 1124; x_wconf 89' lang='lat' dir='ltr'><strong>potest</strong></span> <span class='ocrx_word' id='word_1_120' title='bbox 1081 1058 1110 1105; x_wconf 91' lang='lat' dir='ltr'><strong>et</strong></span> <span class='ocrx_word' id='word_1_121' title='bbox 1128 1047 1234 1104; x_wconf 85' lang='lat' dir='ltr'><strong>ceteris</strong></span> <span class='ocrx_word' id='word_1_122' title='bbox 1252 1049 1417 1118; x_wconf 79' lang='lat' dir='ltr'><strong>praelatum</strong></span> 
     </span>
     <span class='ocr_line' id='line_1_13' title="bbox 185 1121 1417 1188; baseline -0.005 -10"><span class='ocrx_word' id='word_1_123' title='bbox 185 1126 387 1181; x_wconf 69' lang='grc'><strong>01101111-</strong></span> <span class='ocrx_word' id='word_1_124' title='bbox 419 1145 482 1182; x_wconf 84' lang='lat' dir='ltr'><strong>eum</strong></span> <span class='ocrx_word' id='word_1_125' title='bbox 499 1127 590 1180; x_wconf 79' lang='lat' dir='ltr'><strong>vobis.-</strong></span> <span class='ocrx_word' id='word_1_126' title='bbox 617 1126 650 1178; x_wconf 93' lang='lat' dir='ltr'><strong>in</strong></span> <span class='ocrx_word' id='word_1_127' title='bbox 676 1126 719 1182; x_wconf 84' lang='lat' dir='ltr'><strong>ed</strong></span> <span class='ocrx_word' id='word_1_128' title='bbox 739 1125 820 1180; x_wconf 85' lang='lat' dir='ltr'><strong>Seeb.</strong></span> <span class='ocrx_word' id='word_1_129' title='bbox 839 1129 866 1184; x_wconf 79' lang='lat'><em>2</em></span> <span class='ocrx_word' id='word_1_130' title='bbox 902 1125 1064 1180; x_wconf 77' lang='grc'><strong>1111100111.</strong></span> <span class='ocrx_word' id='word_1_131' title='bbox 1098 1121 1291 1188; x_wconf 87' lang='lat' dir='ltr'><strong>„Discrimen</strong></span> <span class='ocrx_word' id='word_1_132' title='bbox 1311 1121 1417 1175; x_wconf 82' lang='lat' dir='ltr'><strong>leviter</strong></span> 
     </span>
     <span class='ocr_line' id='line_1_14' title="bbox 184 1194 1416 1274; baseline -0.002 -26"><span class='ocrx_word' id='word_1_133' title='bbox 184 1197 238 1252; x_wconf 89' lang='lat' dir='ltr'><strong>teti</strong></span> <span class='ocrx_word' id='word_1_134' title='bbox 259 1197 284 1250; x_wconf 90' lang='lat' dir='ltr'><strong>it</strong></span> <span class='ocrx_word' id='word_1_135' title='bbox 302 1201 419 1270; x_wconf 79' lang='lat' dir='ltr'><strong>zumpt.</strong></span> <span class='ocrx_word' id='word_1_136' title='bbox 440 1200 540 1254; x_wconf 85' lang='lat' dir='ltr'><strong>Gram.</strong></span> <span class='ocrx_word' id='word_1_137' title='bbox 560 1197 591 1270; x_wconf 78' lang='lat'><strong>§.</strong></span> <span class='ocrx_word' id='word_1_138' title='bbox 611 1203 674 1258; x_wconf 86' lang='grc'><strong>339.</strong></span> <span class='ocrx_word' id='word_1_139' title='bbox 708 1199 869 1274; x_wconf 76' lang='lat' dir='ltr'><strong>vulgatum</strong></span> <span class='ocrx_word' id='word_1_140' title='bbox 896 1198 1014 1253; x_wconf 82' lang='lat' dir='ltr'><strong>firmari</strong></span> <span class='ocrx_word' id='word_1_141' title='bbox 1039 1203 1135 1268; x_wconf 89' lang='lat' dir='ltr'><strong>potest</strong></span> <span class='ocrx_word' id='word_1_142' title='bbox 1153 1194 1319 1266; x_wconf 83' lang='lat' dir='ltr'><strong>exemplis,</strong></span> <span class='ocrx_word' id='word_1_143' title='bbox 1348 1209 1416 1262; x_wconf 84' lang='lat' dir='ltr'><strong>quae</strong></span> 
     </span>
     <span class='ocr_line' id='line_1_15' title="bbox 186 1215 1415 1346; baseline 0 -24"><span class='ocrx_word' id='word_1_144' title='bbox 186 1215 311 1346; x_wconf 68' lang='lat' dir='ltr'><strong>coliegit</strong></span> <span class='ocrx_word' id='word_1_145' title='bbox 329 1272 501 1327; x_wconf 84' lang='lat' dir='ltr'><strong>llsmshorn.</strong></span> <span class='ocrx_word' id='word_1_146' title='bbox 529 1272 628 1326; x_wconf 85' lang='lat' dir='ltr'><strong>Gram.</strong></span> <span class='ocrx_word' id='word_1_147' title='bbox 646 1289 676 1342; x_wconf 87' lang='lat' dir='ltr'><strong>p.</strong></span> <span class='ocrx_word' id='word_1_148' title='bbox 694 1273 756 1328; x_wconf 86' lang='lat'>513.</span> <span class='ocrx_word' id='word_1_149' title='bbox 790 1269 1220 1339; x_wconf 58' lang='lat' dir='ltr'><strong>cerimoniarumque.</strong></span> <span class='ocrx_word' id='word_1_150' title='bbox 1241 1269 1308 1324; x_wconf 89' lang='grc'><strong>356.</strong></span> <span class='ocrx_word' id='word_1_151' title='bbox 1330 1271 1415 1338; x_wconf 77' lang='lat' dir='ltr'><strong>epl-</strong></span> 
     </span>
     <span class='ocr_line' id='line_1_16' title="bbox 185 1340 1419 1418; baseline -0.002 -21"><span class='ocrx_word' id='word_1_152' title='bbox 185 1350 215 1397; x_wconf 90' lang='lat' dir='ltr'><strong>et</strong></span> <span class='ocrx_word' id='word_1_153' title='bbox 234 1343 327 1398; x_wconf 90' lang='lat' dir='ltr'><strong>Orelli</strong></span> <span class='ocrx_word' id='word_1_154' title='bbox 345 1345 383 1398; x_wconf 85' lang='lat' dir='ltr'><strong>ad</strong></span> <span class='ocrx_word' id='word_1_155' title='bbox 401 1345 464 1400; x_wconf 79' lang='lat' dir='ltr'><strong>cie.</strong></span> <span class='ocrx_word' id='word_1_156' title='bbox 482 1363 512 1418; x_wconf 88' lang='lat' dir='ltr'><strong>p.</strong></span> <span class='ocrx_word' id='word_1_157' title='bbox 531 1345 593 1400; x_wconf 85' lang='lat' dir='ltr'><strong>Mil.</strong></span> <span class='ocrx_word' id='word_1_158' title='bbox 615 1349 640 1400; x_wconf 90' lang='lat'><strong>1.</strong></span> <span class='ocrx_word' id='word_1_159' title='bbox 664 1362 694 1416; x_wconf 85' lang='lat' dir='ltr'><strong>p.</strong></span> <span class='ocrx_word' id='word_1_160' title='bbox 713 1349 757 1401; x_wconf 86' lang='grc'><strong>11.</strong></span> <span class='ocrx_word' id='word_1_161' title='bbox 799 1343 858 1401; x_wconf 85' lang='lat' dir='ltr'><strong>Sed</strong></span> <span class='ocrx_word' id='word_1_162' title='bbox 875 1363 923 1401; x_wconf 84' lang='lat' dir='ltr'><strong>res</strong></span> <span class='ocrx_word' id='word_1_163' title='bbox 940 1352 1003 1400; x_wconf 85' lang='lat' dir='ltr'><strong>tota</strong></span> <span class='ocrx_word' id='word_1_164' title='bbox 1020 1342 1150 1400; x_wconf 84' lang='lat' dir='ltr'><strong>nondum</strong></span> <span class='ocrx_word' id='word_1_165' title='bbox 1169 1340 1332 1396; x_wconf 82' lang='lat' dir='ltr'><strong>diiudicata</strong></span> <span class='ocrx_word' id='word_1_166' title='bbox 1352 1343 1419 1396; x_wconf 61' lang='lat' dir='ltr'><strong>est&#39;2</strong></span> 
     </span>
     <span class='ocr_line' id='line_1_17' title="bbox 184 1390 801 1476; baseline 0.003 -6"><span class='ocrx_word' id='word_1_167' title='bbox 184 1417 303 1472; x_wconf 73' lang='lat' dir='ltr'><strong>Dronlse.</strong></span> <span class='ocrx_word' id='word_1_168' title='bbox 337 1427 397 1473; x_wconf 89' lang='lat' dir='ltr'><strong>tum</strong></span> <span class='ocrx_word' id='word_1_169' title='bbox 416 1425 500 1476; x_wconf 87' lang='lat' dir='ltr'><strong>etiam</strong></span> <span class='ocrx_word' id='word_1_170' title='bbox 518 1423 554 1474; x_wconf 88' lang='lat' dir='ltr'><strong>iis</strong></span> <span class='ocrx_word' id='word_1_171' title='bbox 573 1419 617 1474; x_wconf 83' lang='lat' dir='ltr'><strong>ed.</strong></span> <span class='ocrx_word' id='word_1_172' title='bbox 637 1417 703 1473; x_wconf 76' lang='lat' dir='ltr'><strong>ald.</strong></span> <span class='ocrx_word' id='word_1_173' title='bbox 724 1390 801 1474; x_wconf 87' lang='grc'><strong>0101.</strong></span> 
     </span>
    </p>
   </div>
   <div class='ocr_carea' id='block_1_3' title="bbox 184 1525 1417 2260">
    <p class='ocr_par' dir='ltr' id='par_1_4' title="bbox 184 1525 1417 2260">
     <span class='ocr_line' id='line_1_18' title="bbox 256 1525 1417 1598; baseline -0.005 -14"><span class='ocrx_word' id='word_1_174' title='bbox 256 1532 283 1584; x_wconf 87' lang='grc'><strong>1.</strong></span> <span class='ocrx_word' id='word_1_175' title='bbox 321 1530 391 1583; x_wconf 90' lang='lat' dir='ltr'><strong>lulii</strong></span> <span class='ocrx_word' id='word_1_176' title='bbox 420 1531 556 1594; x_wconf 74' lang='lat' dir='ltr'><strong>Asiatici,</strong></span> <span class='ocrx_word' id='word_1_177' title='bbox 583 1549 611 1585; x_wconf 86' lang='lat' dir='ltr'><strong>v.</strong></span> <span class='ocrx_word' id='word_1_178' title='bbox 635 1529 672 1584; x_wconf 89' lang='lat' dir='ltr'><strong>ad</strong></span> <span class='ocrx_word' id='word_1_179' title='bbox 696 1529 733 1582; x_wconf 87' lang='grc'><strong>11.</strong></span> <span class='ocrx_word' id='word_1_180' title='bbox 765 1529 801 1595; x_wconf 76' lang='grc'><strong>21</strong></span> <span class='ocrx_word' id='word_1_181' title='bbox 825 1533 877 1597; x_wconf 72' lang='grc'><strong>911</strong></span> <span class='ocrx_word' id='word_1_182' title='bbox 909 1535 937 1588; x_wconf 85' lang='grc'><strong>3.</strong></span> <span class='ocrx_word' id='word_1_183' title='bbox 974 1529 1208 1583; x_wconf 69' lang='grc'><strong>1111111101-</strong></span> <span class='ocrx_word' id='word_1_184' title='bbox 1229 1525 1361 1598; x_wconf 84' lang='lat' dir='ltr'><strong>plurium</strong></span> <span class='ocrx_word' id='word_1_185' title='bbox 1379 1535 1417 1580; x_wconf 86' lang='lat' dir='ltr'><strong>est</strong></span> 
     </span>
     <span class='ocr_line' id='line_1_19' title="bbox 184 1600 1417 1674; baseline -0.002 -20"><span class='ocrx_word' id='word_1_186' title='bbox 184 1601 311 1657; x_wconf 74' lang='lat' dir='ltr'><strong>sithen</strong></span> <span class='ocrx_word' id='word_1_187' title='bbox 347 1606 501 1674; x_wconf 83' lang='lat' dir='ltr'><strong>plurimum</strong></span> <span class='ocrx_word' id='word_1_188' title='bbox 520 1605 565 1659; x_wconf 88' lang='lat' dir='ltr'><strong>ed.</strong></span> <span class='ocrx_word' id='word_1_189' title='bbox 584 1621 630 1674; x_wconf 89' lang='lat' dir='ltr'><strong>pr.</strong></span> <span class='ocrx_word' id='word_1_190' title='bbox 650 1605 712 1657; x_wconf 88' lang='lat' dir='ltr'><strong>Put.</strong></span> <span class='ocrx_word' id='word_1_191' title='bbox 738 1602 804 1656; x_wconf 88' lang='lat' dir='ltr'><strong>Ber.</strong></span> <span class='ocrx_word' id='word_1_192' title='bbox 832 1601 926 1658; x_wconf 86' lang='lat' dir='ltr'><strong>Rhen.</strong></span> <span class='ocrx_word' id='word_1_193' title='bbox 945 1605 970 1659; x_wconf 90' lang='grc'><strong>1.</strong></span> <span class='ocrx_word' id='word_1_194' title='bbox 1007 1605 1162 1674; x_wconf 86' lang='lat' dir='ltr'><strong>plurimam</strong></span> <span class='ocrx_word' id='word_1_195' title='bbox 1188 1600 1267 1654; x_wconf 91' lang='lat' dir='ltr'><strong>coni.</strong></span> <span class='ocrx_word' id='word_1_196' title='bbox 1295 1601 1368 1652; x_wconf 86' lang='lat' dir='ltr'><strong>Mur.</strong></span> <span class='ocrx_word' id='word_1_197' title='bbox 1391 1607 1417 1652; x_wconf 88' lang='lat' dir='ltr'><strong>st</strong></span> 
     </span>
     <span class='ocr_line' id='line_1_20' title="bbox 184 1672 1416 1748; baseline -0.005 -20"><span class='ocrx_word' id='word_1_198' title='bbox 184 1673 327 1730; x_wconf 82' lang='lat' dir='ltr'><strong>Schurzfl.</strong></span> <span class='ocrx_word' id='word_1_199' title='bbox 347 1705 383 1717; x_wconf 94' lang='lat'>-</span> <span class='ocrx_word' id='word_1_200' title='bbox 402 1695 486 1748; x_wconf 83' lang='lat' dir='ltr'><strong>quam</strong></span> <span class='ocrx_word' id='word_1_201' title='bbox 504 1681 537 1732; x_wconf 91' lang='lat' dir='ltr'><strong>in</strong></span> <span class='ocrx_word' id='word_1_202' title='bbox 554 1679 839 1747; x_wconf 81' lang='lat' dir='ltr'><strong>Apro-consumere</strong></span> <span class='ocrx_word' id='word_1_203' title='bbox 864 1693 961 1731; x_wconf 87' lang='lat' dir='ltr'><strong>amare</strong></span> <span class='ocrx_word' id='word_1_204' title='bbox 979 1675 1076 1744; x_wconf 85' lang='lat' dir='ltr'><strong>dicta,</strong></span> <span class='ocrx_word' id='word_1_205' title='bbox 1108 1675 1212 1746; x_wconf 88' lang='lat' dir='ltr'><strong>quibus</strong></span> <span class='ocrx_word' id='word_1_206' title='bbox 1239 1691 1310 1727; x_wconf 86' lang='lat' dir='ltr'><strong>ansa</strong></span> <span class='ocrx_word' id='word_1_207' title='bbox 1336 1672 1416 1724; x_wconf 83' lang='lat' dir='ltr'><strong>datur</strong></span> 
     </span>
     <span class='ocr_line' id='line_1_21' title="bbox 185 1745 1415 1821; baseline -0.003 -21"><span class='ocrx_word' id='word_1_208' title='bbox 185 1764 277 1803; x_wconf 84' lang='lat' dir='ltr'><strong>novae</strong></span> <span class='ocrx_word' id='word_1_209' title='bbox 289 1749 497 1821; x_wconf 67' lang='lat' dir='ltr'><strong>disputationi,</strong></span> <span class='ocrx_word' id='word_1_210' title='bbox 514 1751 694 1806; x_wconf 69' lang='lat' dir='ltr'><strong>scholasticae</strong></span> <span class='ocrx_word' id='word_1_211' title='bbox 704 1755 914 1813; x_wconf 73' lang='lat' dir='ltr'><strong>manauersiae,</strong></span> <span class='ocrx_word' id='word_1_212' title='bbox 933 1750 1108 1819; x_wconf 79' lang='grc'><strong>(0111013.)</strong></span> <span class='ocrx_word' id='word_1_213' title='bbox 1127 1755 1228 1801; x_wconf 86' lang='lat' dir='ltr'><strong>utrum</strong></span> <span class='ocrx_word' id='word_1_214' title='bbox 1247 1745 1365 1818; x_wconf 89' lang='lat' dir='ltr'><strong>poetico</strong></span> <span class='ocrx_word' id='word_1_215' title='bbox 1384 1763 1415 1796; x_wconf 89' lang='lat' dir='ltr'><strong>an</strong></span> 
     </span>
     <span class='ocr_line' id='line_1_22' title="bbox 185 1818 1415 1896; baseline -0.005 -22"><span class='ocrx_word' id='word_1_216' title='bbox 185 1822 315 1876; x_wconf 90' lang='lat' dir='ltr'><strong>oratorio</strong></span> <span class='ocrx_word' id='word_1_217' title='bbox 335 1823 429 1876; x_wconf 86' lang='lat' dir='ltr'><strong>studio</strong></span> <span class='ocrx_word' id='word_1_218' title='bbox 448 1823 539 1877; x_wconf 85' lang='lat' dir='ltr'><strong>maius</strong></span> <span class='ocrx_word' id='word_1_219' title='bbox 554 1824 684 1896; x_wconf 86' lang='lat' dir='ltr'><strong>pretium</strong></span> <span class='ocrx_word' id='word_1_220' title='bbox 702 1822 739 1875; x_wconf 88' lang='lat' dir='ltr'><strong>sit</strong></span> <span class='ocrx_word' id='word_1_221' title='bbox 757 1823 950 1877; x_wconf 86' lang='lat' dir='ltr'><strong>statuendum.</strong></span> <span class='ocrx_word' id='word_1_222' title='bbox 987 1821 1174 1887; x_wconf 72' lang='lat' dir='ltr'><strong>„scholastici</strong></span> <span class='ocrx_word' id='word_1_223' title='bbox 1191 1819 1247 1872; x_wconf 85' lang='lat' dir='ltr'><strong>hac</strong></span> <span class='ocrx_word' id='word_1_224' title='bbox 1266 1826 1358 1873; x_wconf 84' lang='lat' dir='ltr'><strong>aetate</strong></span> <span class='ocrx_word' id='word_1_225' title='bbox 1376 1818 1415 1870; x_wconf 88' lang='lat' dir='ltr'><strong>di·</strong></span> 
     </span>
     <span class='ocr_line' id='line_1_23' title="bbox 186 1893 1415 1970; baseline -0.004 -24"><span class='ocrx_word' id='word_1_226' title='bbox 186 1893 324 1948; x_wconf 85' lang='lat' dir='ltr'><strong>cebantur</strong></span> <span class='ocrx_word' id='word_1_227' title='bbox 342 1896 391 1949; x_wconf 83' lang='lat' dir='ltr'><strong>vel</strong></span> <span class='ocrx_word' id='word_1_228' title='bbox 407 1895 543 1970; x_wconf 77' lang='lat' dir='ltr'><strong>magistri</strong></span> <span class='ocrx_word' id='word_1_229' title='bbox 561 1894 742 1962; x_wconf 87' lang='lat' dir='ltr'><strong>scholarum,</strong></span> <span class='ocrx_word' id='word_1_230' title='bbox 761 1895 890 1957; x_wconf 77' lang='lat' dir='ltr'><strong>rhetores,</strong></span> <span class='ocrx_word' id='word_1_231' title='bbox 908 1896 958 1950; x_wconf 83' lang='lat' dir='ltr'><strong>vel</strong></span> <span class='ocrx_word' id='word_1_232' title='bbox 977 1900 1058 1962; x_wconf 89' lang='lat' dir='ltr'><strong>(cum</strong></span> <span class='ocrx_word' id='word_1_233' title='bbox 1078 1902 1247 1964; x_wconf 89' lang='lat' dir='ltr'><strong>contemptu</strong></span> <span class='ocrx_word' id='word_1_234' title='bbox 1266 1893 1344 1958; x_wconf 83' lang='lat' dir='ltr'><strong>iere)</strong></span> <span class='ocrx_word' id='word_1_235' title='bbox 1362 1897 1415 1942; x_wconf 87' lang='lat' dir='ltr'><strong>stu·</strong></span> 
     </span>
     <span class='ocr_line' id='line_1_24' title="bbox 186 1964 1415 2040; baseline -0.003 -22"><span class='ocrx_word' id='word_1_236' title='bbox 186 1965 261 2020; x_wconf 89' lang='lat' dir='ltr'><strong>diosi</strong></span> <span class='ocrx_word' id='word_1_237' title='bbox 281 1968 480 2037; x_wconf 85' lang='lat' dir='ltr'><strong>eloquentiae,</strong></span> <span class='ocrx_word' id='word_1_238' title='bbox 500 1970 586 2040; x_wconf 93' lang='lat' dir='ltr'><strong>quio</strong></span> <span class='ocrx_word' id='word_1_239' title='bbox 610 1985 688 2022; x_wconf 90' lang='lat' dir='ltr'><strong>eram</strong></span> <span class='ocrx_word' id='word_1_240' title='bbox 709 1967 778 2020; x_wconf 90' lang='lat' dir='ltr'><strong>dant</strong></span> <span class='ocrx_word' id='word_1_241' title='bbox 796 1968 924 2032; x_wconf 85' lang='lat' dir='ltr'><strong>scholae,</strong></span> <span class='ocrx_word' id='word_1_242' title='bbox 944 1969 977 2021; x_wconf 92' lang='grc'><strong>111</strong></span> <span class='ocrx_word' id='word_1_243' title='bbox 995 1987 1029 2023; x_wconf 85' lang='lat' dir='ltr'><strong>ea</strong></span> <span class='ocrx_word' id='word_1_244' title='bbox 1048 1975 1078 2022; x_wconf 92' lang='lat' dir='ltr'><strong>st</strong></span> <span class='ocrx_word' id='word_1_245' title='bbox 1096 1965 1200 2021; x_wconf 87' lang='lat' dir='ltr'><strong>umbra</strong></span> <span class='ocrx_word' id='word_1_246' title='bbox 1218 1965 1340 2028; x_wconf 75' lang='lat' dir='ltr'><strong>vivunt,</strong></span> <span class='ocrx_word' id='word_1_247' title='bbox 1371 1964 1415 2015; x_wconf 85' lang='lat' dir='ltr'><strong>vel</strong></span> 
     </span>
     <span class='ocr_line' id='line_1_25' title="bbox 187 2035 1415 2114; baseline -0.007 -20"><span class='ocrx_word' id='word_1_248' title='bbox 187 2039 387 2110; x_wconf 86' lang='lat' dir='ltr'><strong>eloquentiam</strong></span> <span class='ocrx_word' id='word_1_249' title='bbox 408 2059 423 2095; x_wconf 94' lang='lat' dir='ltr'><strong>e</strong></span> <span class='ocrx_word' id='word_1_250' title='bbox 442 2040 559 2095; x_wconf 90' lang='lat' dir='ltr'><strong>scholae</strong></span> <span class='ocrx_word' id='word_1_251' title='bbox 577 2059 594 2094; x_wconf 92' lang='lat' dir='ltr'><strong>r</strong></span> <span class='ocrx_word' id='word_1_252' title='bbox 617 2049 790 2112; x_wconf 74' lang='lat' dir='ltr'><strong>ptorumque</strong></span> <span class='ocrx_word' id='word_1_253' title='bbox 803 2041 968 2114; x_wconf 82' lang='lat' dir='ltr'><strong>praeceptis</strong></span> <span class='ocrx_word' id='word_1_254' title='bbox 986 2039 1157 2107; x_wconf 86' lang='lat' dir='ltr'><strong>hauserunt,</strong></span> <span class='ocrx_word' id='word_1_255' title='bbox 1178 2037 1286 2092; x_wconf 87' lang='lat' dir='ltr'><strong>deinde</strong></span> <span class='ocrx_word' id='word_1_256' title='bbox 1306 2035 1415 2108; x_wconf 75' lang='lat' dir='ltr'><strong>diserti:</strong></span> 
     </span>
     <span class='ocr_line' id='line_1_26' title="bbox 186 2113 1415 2186; baseline -0.006 -20"><span class='ocrx_word' id='word_1_257' title='bbox 186 2119 252 2182; x_wconf 88' lang='lat' dir='ltr'><strong>post</strong></span> <span class='ocrx_word' id='word_1_258' title='bbox 270 2120 377 2178; x_wconf 82' lang='lat' dir='ltr'><strong>eutem,</strong></span> <span class='ocrx_word' id='word_1_259' title='bbox 397 2129 468 2168; x_wconf 84' lang='lat' dir='ltr'><strong>aevo</strong></span> <span class='ocrx_word' id='word_1_260' title='bbox 488 2113 747 2181; x_wconf 78' lang='lat' dir='ltr'><strong>Constantiniana,</strong></span> <span class='ocrx_word' id='word_1_261' title='bbox 767 2114 948 2186; x_wconf 86' lang='lat' dir='ltr'><strong>iurisperiti</strong></span> <span class='ocrx_word' id='word_1_262' title='bbox 967 2122 996 2168; x_wconf 89' lang='lat' dir='ltr'><strong>et</strong></span> <span class='ocrx_word' id='word_1_263' title='bbox 1013 2113 1133 2186; x_wconf 88' lang='lat' dir='ltr'><strong>patroni</strong></span> <span class='ocrx_word' id='word_1_264' title='bbox 1152 2127 1322 2165; x_wconf 85' lang='lat' dir='ltr'><strong>causarum:</strong></span> <span class='ocrx_word' id='word_1_265' title='bbox 1345 2117 1415 2179; x_wconf 86' lang='lat' dir='ltr'><strong>post-</strong></span> 
     </span>
     <span class='ocr_line' id='line_1_27' title="bbox 187 2180 1413 2260; baseline -0.004 -24"><span class='ocrx_word' id='word_1_266' title='bbox 187 2201 270 2240; x_wconf 89' lang='lat' dir='ltr'><strong>remo</strong></span> <span class='ocrx_word' id='word_1_267' title='bbox 289 2183 439 2238; x_wconf 88' lang='lat' dir='ltr'><strong>monachis</strong></span> <span class='ocrx_word' id='word_1_268' title='bbox 459 2187 655 2256; x_wconf 86' lang='lat' dir='ltr'><strong>quodeunque</strong></span> <span class='ocrx_word' id='word_1_269' title='bbox 683 2185 870 2241; x_wconf 86' lang='lat' dir='ltr'><strong>literatorum</strong></span> <span class='ocrx_word' id='word_1_270' title='bbox 897 2185 1051 2241; x_wconf 90' lang='lat' dir='ltr'><strong>hominum</strong></span> <span class='ocrx_word' id='word_1_271' title='bbox 1077 2183 1197 2260; x_wconf 85' lang='lat' dir='ltr'><strong>genus.&#39;&#39;</strong></span> <span class='ocrx_word' id='word_1_272' title='bbox 1226 2182 1332 2236; x_wconf 78' lang='lat' dir='ltr'><strong>schulz.</strong></span> <span class='ocrx_word' id='word_1_273' title='bbox 1374 2180 1413 2232; x_wconf 83' lang='lat' dir='ltr'><strong>Gi.</strong></span> 
     </span>
    </p>
   </div>
   <div class='ocr_carea' id='block_1_4' title="bbox 188 2256 1415 2458">
    <p class='ocr_par' dir='ltr' id='par_1_5' title="bbox 188 2256 1415 2458">
     <span class='ocr_line' id='line_1_28' title="bbox 188 2256 1415 2343; baseline -0.003 -31"><span class='ocrx_word' id='word_1_274' title='bbox 188 2273 251 2327; x_wconf 84' lang='lat' dir='ltr'><strong>cap.</strong></span> <span class='ocrx_word' id='word_1_275' title='bbox 271 2259 399 2343; x_wconf 70' lang='lat' dir='ltr'><strong>ssexa.</strong></span> <span class='ocrx_word' id='word_1_276' title='bbox 418 2258 523 2315; x_wconf 85' lang='grc'><strong>261111.</strong></span> <span class='ocrx_word' id='word_1_277' title='bbox 544 2261 580 2315; x_wconf 85' lang='grc'><strong>35</strong></span> <span class='ocrx_word' id='word_1_278' title='bbox 594 2276 642 2330; x_wconf 83' lang='lat' dir='ltr'><strong>pr.</strong></span> <span class='ocrx_word' id='word_1_279' title='bbox 662 2259 708 2314; x_wconf 88' lang='grc'><strong>12.</strong></span> <span class='ocrx_word' id='word_1_280' title='bbox 733 2259 808 2313; x_wconf 86' lang='lat' dir='ltr'><strong>Plin.</strong></span> <span class='ocrx_word' id='word_1_281' title='bbox 829 2275 874 2332; x_wconf 90' lang='lat' dir='ltr'><strong>ep.</strong></span> <span class='ocrx_word' id='word_1_282' title='bbox 896 2265 931 2327; x_wconf 90' lang='lat'><strong>1,</strong></span> <span class='ocrx_word' id='word_1_283' title='bbox 950 2263 1006 2329; x_wconf 89' lang='grc'><strong>21,</strong></span> <span class='ocrx_word' id='word_1_284' title='bbox 1027 2263 1055 2315; x_wconf 92' lang='grc'><strong>1.</strong></span> <span class='ocrx_word' id='word_1_285' title='bbox 1094 2256 1214 2326; x_wconf 83' lang='lat' dir='ltr'><strong>Quintil.</strong></span> <span class='ocrx_word' id='word_1_286' title='bbox 1229 2259 1287 2334; x_wconf 82' lang='grc'><strong>12,</strong></span> <span class='ocrx_word' id='word_1_287' title='bbox 1307 2257 1415 2340; x_wconf 76' lang='grc'><strong>11,16.</strong></span> 
     </span>
     <span class='ocr_line' id='line_1_29' title="bbox 188 2329 1415 2458; baseline 0.005 -74"><span class='ocrx_word' id='word_1_288' title='bbox 188 2329 234 2456; x_wconf 67' lang='lat' dir='ltr'><strong>dd</strong></span> <span class='ocrx_word' id='word_1_289' title='bbox 252 2329 508 2458; x_wconf 44' lang='lat' dir='ltr'><strong>{ffisnphfii&#39;lp&#39;span</strong></span> <span class='ocrx_word' id='word_1_290' title='bbox 529 2339 558 2386; x_wconf 91' lang='lat' dir='ltr'><strong>et</strong></span> <span class='ocrx_word' id='word_1_291' title='bbox 576 2332 650 2386; x_wconf 85' lang='lat' dir='ltr'><strong>Ern.</strong></span> <span class='ocrx_word' id='word_1_292' title='bbox 670 2331 741 2385; x_wconf 84' lang='lat' dir='ltr'><strong>Lex.</strong></span> <span class='ocrx_word' id='word_1_293' title='bbox 761 2333 891 2388; x_wconf 84' lang='lat' dir='ltr'><strong>technol.</strong></span> <span class='ocrx_word' id='word_1_294' title='bbox 912 2331 987 2388; x_wconf 88' lang='lat' dir='ltr'><strong>rhet.</strong></span> <span class='ocrx_word' id='word_1_295' title='bbox 1008 2349 1038 2404; x_wconf 87' lang='lat' dir='ltr'><strong>p.</strong></span> <span class='ocrx_word' id='word_1_296' title='bbox 1057 2335 1120 2390; x_wconf 83' lang='grc'><strong>331.</strong></span> <span class='ocrx_word' id='word_1_297' title='bbox 1140 2357 1177 2372; x_wconf 88' lang='grc'><strong>-·</strong></span> <span class='ocrx_word' id='word_1_298' title='bbox 1200 2329 1359 2384; x_wconf 61' lang='lat' dir='ltr'><strong>rhetorum*</strong></span> <span class='ocrx_word' id='word_1_299' title='bbox 1388 2343 1415 2377; x_wconf 87' lang='lat' dir='ltr'><strong>m</strong></span> 
     </span>
    </p>
   </div>
   <div class='ocr_carea' id='block_1_5' title="bbox 663 2621 950 2680">
    <p class='ocr_par' dir='ltr' id='par_1_6' title="bbox 663 2621 950 2680">
     <span class='ocr_line' id='line_1_30' title="bbox 663 2621 950 2680; baseline -0.007 0"><span class='ocrx_word' id='word_1_300' title='bbox 663 2621 857 2680; x_wconf 80' lang='lat' dir='ltr'>CAPUT</span> <span class='ocrx_word' id='word_1_301' title='bbox 892 2625 950 2679; x_wconf 83' lang='lat' dir='ltr'><strong>XV.</strong></span> 
     </span>
    </p>
   </div>
   <div class='ocr_carea' id='block_1_6' title="bbox 192 2749 1416 4253">
    <p class='ocr_par' dir='ltr' id='par_1_7' title="bbox 192 2749 1415 3344">
     <span class='ocr_line' id='line_1_31' title="bbox 275 2749 1414 2838; baseline -0.006 -25"><span class='ocrx_word' id='word_1_302' title='bbox 275 2749 364 2814; x_wconf 82' lang='lat' dir='ltr'><strong>Tum</strong></span> <span class='ocrx_word' id='word_1_303' title='bbox 384 2753 495 2838; x_wconf 89' lang='lat' dir='ltr'><strong>Aper,</strong></span> <span class='ocrx_word' id='word_1_304' title='bbox 527 2752 607 2815; x_wconf 92' lang='lat' dir='ltr'><strong>Non</strong></span> <span class='ocrx_word' id='word_1_305' title='bbox 630 2750 774 2834; x_wconf 90' lang='lat' dir='ltr'><strong>desinis,</strong></span> <span class='ocrx_word' id='word_1_306' title='bbox 803 2753 967 2835; x_wconf 84' lang='lat' dir='ltr'><strong>Messala,</strong></span> <span class='ocrx_word' id='word_1_307' title='bbox 989 2759 1266 2820; x_wconf 66' lang='lat' dir='ltr'><strong>retentantem</strong></span> <span class='ocrx_word' id='word_1_308' title='bbox 1288 2756 1320 2812; x_wconf 94' lang='lat' dir='ltr'><strong>et</strong></span> <span class='ocrx_word' id='word_1_309' title='bbox 1339 2749 1414 2808; x_wconf 85' lang='lat' dir='ltr'><strong>anti-</strong></span> 
     </span>
     <span class='ocr_line' id='line_1_32' title="bbox 192 2833 1415 2923; baseline -0.004 -26"><span class='ocrx_word' id='word_1_310' title='bbox 192 2855 258 2918; x_wconf 84' lang='lat' dir='ltr'><strong>qua</strong></span> <span class='ocrx_word' id='word_1_311' title='bbox 278 2837 415 2916; x_wconf 84' lang='lat' dir='ltr'><strong>mirari,</strong></span> <span class='ocrx_word' id='word_1_312' title='bbox 453 2845 647 2900; x_wconf 89' lang='lat' dir='ltr'><strong>nostrorum</strong></span> <span class='ocrx_word' id='word_1_313' title='bbox 675 2847 787 2900; x_wconf 87' lang='lat' dir='ltr'><strong>sutem</strong></span> <span class='ocrx_word' id='word_1_314' title='bbox 817 2833 1006 2923; x_wconf 83' lang='lat' dir='ltr'><strong>temporum</strong></span> <span class='ocrx_word' id='word_1_315' title='bbox 1028 2835 1139 2901; x_wconf 87' lang='lat' dir='ltr'><strong>studia</strong></span> <span class='ocrx_word' id='word_1_316' title='bbox 1159 2833 1306 2898; x_wconf 87' lang='lat' dir='ltr'><strong>irridere</strong></span> <span class='ocrx_word' id='word_1_317' title='bbox 1326 2839 1415 2911; x_wconf 87' lang='lat' dir='ltr'><strong>atque</strong></span> 
     </span>
     <span class='ocr_line' id='line_1_33' title="bbox 192 2919 1413 3006; baseline 0.007 -26"><span class='ocrx_word' id='word_1_318' title='bbox 192 2922 430 2981; x_wconf 81' lang='lat' dir='ltr'><strong>contemnere?</strong></span> <span class='ocrx_word' id='word_1_319' title='bbox 470 2919 559 2982; x_wconf 87' lang='lat' dir='ltr'><strong>Nam</strong></span> <span class='ocrx_word' id='word_1_320' title='bbox 580 2921 670 2982; x_wconf 89' lang='lat' dir='ltr'><strong>hunc</strong></span> <span class='ocrx_word' id='word_1_321' title='bbox 690 2930 787 2986; x_wconf 89' lang='lat' dir='ltr'><strong>tuum</strong></span> <span class='ocrx_word' id='word_1_322' title='bbox 808 2942 995 2986; x_wconf 87' lang='lat' dir='ltr'><strong>sermonem</strong></span> <span class='ocrx_word' id='word_1_323' title='bbox 1016 2943 1113 3006; x_wconf 91' lang='lat' dir='ltr'><strong>saepe</strong></span> <span class='ocrx_word' id='word_1_324' title='bbox 1135 2919 1274 3002; x_wconf 87' lang='lat' dir='ltr'><strong>excepi,</strong></span> <span class='ocrx_word' id='word_1_325' title='bbox 1310 2934 1413 2999; x_wconf 85' lang='lat' dir='ltr'><strong>quum,</strong></span> 
     </span>
     <span class='ocr_line' id='line_1_34' title="bbox 193 3003 1414 3089; baseline -0.006 -25"><span class='ocrx_word' id='word_1_326' title='bbox 193 3003 315 3064; x_wconf 88' lang='lat' dir='ltr'><strong>oblitus</strong></span> <span class='ocrx_word' id='word_1_327' title='bbox 337 3011 371 3064; x_wconf 92' lang='lat' dir='ltr'><strong>et</strong></span> <span class='ocrx_word' id='word_1_328' title='bbox 391 3011 469 3066; x_wconf 86' lang='lat' dir='ltr'><strong>tuae</strong></span> <span class='ocrx_word' id='word_1_329' title='bbox 490 3012 525 3066; x_wconf 91' lang='grc'><strong>01</strong></span> <span class='ocrx_word' id='word_1_330' title='bbox 545 3005 660 3066; x_wconf 82' lang='lat' dir='ltr'><strong>fratris</strong></span> <span class='ocrx_word' id='word_1_331' title='bbox 681 3006 734 3067; x_wconf 91' lang='lat' dir='ltr'><strong>tui</strong></span> <span class='ocrx_word' id='word_1_332' title='bbox 755 3005 983 3089; x_wconf 82' lang='lat' dir='ltr'><strong>eloquentiae,</strong></span> <span class='ocrx_word' id='word_1_333' title='bbox 1006 3007 1172 3070; x_wconf 90' lang='lat' dir='ltr'><strong>neminem</strong></span> <span class='ocrx_word' id='word_1_334' title='bbox 1193 3003 1258 3064; x_wconf 91' lang='lat' dir='ltr'><strong>hoc</strong></span> <span class='ocrx_word' id='word_1_335' title='bbox 1279 3009 1414 3082; x_wconf 87' lang='lat' dir='ltr'><strong>tempore</strong></span> 
     </span>
     <span class='ocr_line' id='line_1_35' title="bbox 195 3079 1415 3172; baseline -0.002 -26"><span class='ocrx_word' id='word_1_336' title='bbox 195 3093 363 3147; x_wconf 83' lang='lat' dir='ltr'><strong>oratorem</strong></span> <span class='ocrx_word' id='word_1_337' title='bbox 385 3104 457 3149; x_wconf 87' lang='lat' dir='ltr'><strong>esse</strong></span> <span class='ocrx_word' id='word_1_338' title='bbox 478 3084 719 3165; x_wconf 57' lang='lat' dir='ltr'><strong>contenderem</strong></span> <span class='ocrx_word' id='word_1_339' title='bbox 741 3097 842 3172; x_wconf 84' lang='lat' dir='ltr'><strong>atque</strong></span> <span class='ocrx_word' id='word_1_340' title='bbox 862 3089 898 3152; x_wconf 91' lang='lat' dir='ltr'><strong>id</strong></span> <span class='ocrx_word' id='word_1_341' title='bbox 919 3111 978 3172; x_wconf 87' lang='lat' dir='ltr'><strong>eo,</strong></span> <span class='ocrx_word' id='word_1_342' title='bbox 1000 3088 1119 3162; x_wconf 87' lang='lat' dir='ltr'><strong>credo,</strong></span> <span class='ocrx_word' id='word_1_343' title='bbox 1140 3085 1317 3164; x_wconf 86' lang='lat' dir='ltr'><strong>audacius,</strong></span> <span class='ocrx_word' id='word_1_344' title='bbox 1337 3079 1415 3164; x_wconf 89' lang='lat' dir='ltr'><strong>quod</strong></span> 
     </span>
     <span class='ocr_line' id='line_1_36' title="bbox 196 3169 1414 3260; baseline 0.002 -32"><span class='ocrx_word' id='word_1_345' title='bbox 196 3169 411 3254; x_wconf 81' lang='lat' dir='ltr'><strong>malignitatis</strong></span> <span class='ocrx_word' id='word_1_346' title='bbox 433 3171 625 3252; x_wconf 90' lang='lat' dir='ltr'><strong>opinionem</strong></span> <span class='ocrx_word' id='word_1_347' title='bbox 647 3191 713 3234; x_wconf 89' lang='lat' dir='ltr'><strong>non</strong></span> <span class='ocrx_word' id='word_1_348' title='bbox 734 3175 917 3247; x_wconf 84' lang='lat' dir='ltr'><strong>verebaris,</strong></span> <span class='ocrx_word' id='word_1_349' title='bbox 941 3195 1044 3259; x_wconf 88' lang='lat' dir='ltr'><strong>quum</strong></span> <span class='ocrx_word' id='word_1_350' title='bbox 1060 3193 1134 3238; x_wconf 86' lang='lat' dir='ltr'><strong>eam</strong></span> <span class='ocrx_word' id='word_1_351' title='bbox 1155 3172 1307 3260; x_wconf 78' lang='lat' dir='ltr'><strong>gloriam,</strong></span> <span class='ocrx_word' id='word_1_352' title='bbox 1328 3183 1414 3249; x_wconf 78' lang='lat' dir='ltr'><strong>quam</strong></span> 
     </span>
     <span class='ocr_line' id='line_1_37' title="bbox 195 3251 952 3344; baseline 0.013 -33"><span class='ocrx_word' id='word_1_353' title='bbox 195 3251 258 3313; x_wconf 86' lang='lat' dir='ltr'><strong>tibi</strong></span> <span class='ocrx_word' id='word_1_354' title='bbox 279 3252 336 3312; x_wconf 89' lang='lat' dir='ltr'><strong>alii</strong></span> <span class='ocrx_word' id='word_1_355' title='bbox 358 3251 563 3334; x_wconf 85' lang='lat' dir='ltr'><strong>concedunt,</strong></span> <span class='ocrx_word' id='word_1_356' title='bbox 586 3256 657 3338; x_wconf 89' lang='lat' dir='ltr'><strong>ipse</strong></span> <span class='ocrx_word' id='word_1_357' title='bbox 678 3257 741 3320; x_wconf 90' lang='lat' dir='ltr'><strong>tibi</strong></span> <span class='ocrx_word' id='word_1_358' title='bbox 763 3255 952 3344; x_wconf 80' lang='lat' dir='ltr'><strong>denegares.</strong></span> 
     </span>
    </p>

    <p class='ocr_par' dir='ltr' id='par_1_8' title="bbox 197 3351 1416 4252">
     <span class='ocr_line' id='line_1_38' title="bbox 279 3351 1413 3445; baseline 0.004 -31"><span class='ocrx_word' id='word_1_359' title='bbox 279 3351 397 3436; x_wconf 86' lang='lat' dir='ltr'><strong>Neque</strong></span> <span class='ocrx_word' id='word_1_360' title='bbox 418 3355 529 3436; x_wconf 90' lang='lat' dir='ltr'><strong>illius,</strong></span> <span class='ocrx_word' id='word_1_361' title='bbox 561 3353 694 3439; x_wconf 90' lang='lat' dir='ltr'><strong>inquit,</strong></span> <span class='ocrx_word' id='word_1_362' title='bbox 727 3361 888 3422; x_wconf 88' lang='lat' dir='ltr'><strong>sermonis</strong></span> <span class='ocrx_word' id='word_1_363' title='bbox 909 3363 977 3425; x_wconf 89' lang='lat' dir='ltr'><strong>mei</strong></span> <span class='ocrx_word' id='word_1_364' title='bbox 997 3361 1235 3445; x_wconf 89' lang='lat' dir='ltr'><strong>poenitentiam</strong></span> <span class='ocrx_word' id='word_1_365' title='bbox 1257 3373 1336 3442; x_wconf 82' lang='lat' dir='ltr'><strong>ago,</strong></span> <span class='ocrx_word' id='word_1_366' title='bbox 1365 3371 1413 3412; x_wconf 77' lang='lat' dir='ltr'><strong>ne·</strong></span> 
     </span>
     <span class='ocr_line' id='line_1_39' title="bbox 197 3433 1414 3530; baseline 0.012 -31"><span class='ocrx_word' id='word_1_367' title='bbox 197 3457 261 3520; x_wconf 90' lang='lat' dir='ltr'><strong>que</strong></span> <span class='ocrx_word' id='word_1_368' title='bbox 282 3445 341 3498; x_wconf 88' lang='lat' dir='ltr'><strong>aut</strong></span> <span class='ocrx_word' id='word_1_369' title='bbox 361 3433 551 3500; x_wconf 88' lang='lat' dir='ltr'><strong>Secundum</strong></span> <span class='ocrx_word' id='word_1_370' title='bbox 572 3451 631 3502; x_wconf 86' lang='lat' dir='ltr'><strong>aut</strong></span> <span class='ocrx_word' id='word_1_371' title='bbox 651 3439 846 3506; x_wconf 87' lang='lat' dir='ltr'><strong>Maternum</strong></span> <span class='ocrx_word' id='word_1_372' title='bbox 866 3455 926 3508; x_wconf 91' lang='lat' dir='ltr'><strong>aut</strong></span> <span class='ocrx_word' id='word_1_373' title='bbox 952 3456 986 3508; x_wconf 88' lang='lat' dir='ltr'><strong>te</strong></span> <span class='ocrx_word' id='word_1_374' title='bbox 1012 3447 1143 3530; x_wconf 88' lang='lat' dir='ltr'><strong>ipsum,</strong></span> <span class='ocrx_word' id='word_1_375' title='bbox 1182 3441 1291 3523; x_wconf 68' lang='lat' dir='ltr'><strong>Aper,</strong></span> <span class='ocrx_word' id='word_1_376' title='bbox 1324 3455 1414 3518; x_wconf 84' lang='lat' dir='ltr'><strong>quau-</strong></span> 
     </span>
     <span class='ocr_line' id='line_1_40' title="bbox 197 3515 1413 3612; baseline -0.005 -30"><span class='ocrx_word' id='word_1_377' title='bbox 197 3540 296 3602; x_wconf 87' lang='lat' dir='ltr'><strong>quam</strong></span> <span class='ocrx_word' id='word_1_378' title='bbox 324 3518 494 3584; x_wconf 88' lang='lat' dir='ltr'><strong>interdum</strong></span> <span class='ocrx_word' id='word_1_379' title='bbox 523 3524 560 3582; x_wconf 89' lang='grc'><strong>111</strong></span> <span class='ocrx_word' id='word_1_380' title='bbox 592 3529 800 3589; x_wconf 83' lang='lat' dir='ltr'><strong>contrarium</strong></span> <span class='ocrx_word' id='word_1_381' title='bbox 832 3525 998 3612; x_wconf 85' lang='lat' dir='ltr'><strong>disputes,</strong></span> <span class='ocrx_word' id='word_1_382' title='bbox 1038 3529 1136 3590; x_wconf 84' lang='lat' dir='ltr'><strong>aliter</strong></span> <span class='ocrx_word' id='word_1_383' title='bbox 1167 3527 1292 3586; x_wconf 85' lang='lat' dir='ltr'><strong>sentire</strong></span> <span class='ocrx_word' id='word_1_384' title='bbox 1317 3515 1413 3582; x_wconf 87' lang='lat' dir='ltr'><strong>credo.</strong></span> 
     </span>
     <span class='ocr_line' id='line_1_41' title="bbox 197 3600 1415 3694; baseline -0.003 -28"><span class='ocrx_word' id='word_1_385' title='bbox 197 3607 247 3666; x_wconf 83' lang='grc'><strong>110</strong></span> <span class='ocrx_word' id='word_1_386' title='bbox 267 3603 367 3666; x_wconf 87' lang='lat' dir='ltr'><strong>velim</strong></span> <span class='ocrx_word' id='word_1_387' title='bbox 389 3607 605 3688; x_wconf 87' lang='lat' dir='ltr'><strong>impetratum</strong></span> <span class='ocrx_word' id='word_1_388' title='bbox 625 3609 666 3671; x_wconf 86' lang='lat' dir='ltr'><strong>ab</strong></span> <span class='ocrx_word' id='word_1_389' title='bbox 688 3610 799 3694; x_wconf 84' lang='lat' dir='ltr'><strong>aliquo</strong></span> <span class='ocrx_word' id='word_1_390' title='bbox 820 3622 993 3691; x_wconf 85' lang='lat' dir='ltr'><strong>vestrum,</strong></span> <span class='ocrx_word' id='word_1_391' title='bbox 1031 3620 1070 3674; x_wconf 90' lang='lat' dir='ltr'><strong>ut</strong></span> <span class='ocrx_word' id='word_1_392' title='bbox 1090 3627 1205 3672; x_wconf 86' lang='lat' dir='ltr'><strong>causas</strong></span> <span class='ocrx_word' id='word_1_393' title='bbox 1227 3607 1325 3669; x_wconf 84' lang='lat' dir='ltr'><strong>huius</strong></span> <span class='ocrx_word' id='word_1_394' title='bbox 1349 3600 1415 3662; x_wconf 90' lang='lat' dir='ltr'><strong>infi-</strong></span> 
     </span>
     <span class='ocr_line' id='line_1_42' title="bbox 199 3685 1414 3780; baseline -0.002 -31"><span class='ocrx_word' id='word_1_395' title='bbox 199 3690 289 3749; x_wconf 88' lang='lat' dir='ltr'><strong>nitae</strong></span> <span class='ocrx_word' id='word_1_396' title='bbox 311 3685 517 3752; x_wconf 84' lang='lat' dir='ltr'><strong>differentias</strong></span> <span class='ocrx_word' id='word_1_397' title='bbox 539 3699 710 3756; x_wconf 85' lang='lat' dir='ltr'><strong>scrutetur</strong></span> <span class='ocrx_word' id='word_1_398' title='bbox 731 3713 770 3756; x_wconf 89' lang='lat' dir='ltr'><strong>ao</strong></span> <span class='ocrx_word' id='word_1_399' title='bbox 790 3693 919 3769; x_wconf 85' lang='lat' dir='ltr'><strong>reddat,</strong></span> <span class='ocrx_word' id='word_1_400' title='bbox 941 3715 1022 3780; x_wconf 87' lang='lat' dir='ltr'><strong>quse</strong></span> <span class='ocrx_word' id='word_1_401' title='bbox 1044 3713 1174 3756; x_wconf 87' lang='lat' dir='ltr'><strong>mecum</strong></span> <span class='ocrx_word' id='word_1_402' title='bbox 1194 3693 1266 3774; x_wconf 86' lang='lat' dir='ltr'><strong>ipse</strong></span> <span class='ocrx_word' id='word_1_403' title='bbox 1287 3690 1414 3772; x_wconf 85' lang='lat' dir='ltr'><strong>plerum·</strong></span> 
     </span>
     <span class='ocr_line' id='line_1_43' title="bbox 200 3771 1415 3862; baseline 0.001 -28"><span class='ocrx_word' id='word_1_404' title='bbox 200 3790 266 3856; x_wconf 89' lang='lat' dir='ltr'><strong>que</strong></span> <span class='ocrx_word' id='word_1_405' title='bbox 287 3773 460 3855; x_wconf 89' lang='lat' dir='ltr'><strong>conquiro.</strong></span> <span class='ocrx_word' id='word_1_406' title='bbox 503 3771 546 3833; x_wconf 85' lang='lat' dir='ltr'><strong>Et</strong></span> <span class='ocrx_word' id='word_1_407' title='bbox 564 3773 654 3856; x_wconf 87' lang='lat' dir='ltr'><strong>quod</strong></span> <span class='ocrx_word' id='word_1_408' title='bbox 669 3777 866 3860; x_wconf 85' lang='lat' dir='ltr'><strong>quibusdam</strong></span> <span class='ocrx_word' id='word_1_409' title='bbox 888 3781 1005 3843; x_wconf 86' lang='lat' dir='ltr'><strong>solatio</strong></span> <span class='ocrx_word' id='word_1_410' title='bbox 1028 3786 1088 3856; x_wconf 90' lang='lat' dir='ltr'><strong>est,</strong></span> <span class='ocrx_word' id='word_1_411' title='bbox 1109 3776 1192 3838; x_wconf 89' lang='lat' dir='ltr'><strong>mihi</strong></span> <span class='ocrx_word' id='word_1_412' title='bbox 1213 3783 1310 3862; x_wconf 87' lang='lat' dir='ltr'><strong>auget</strong></span> <span class='ocrx_word' id='word_1_413' title='bbox 1330 3783 1415 3853; x_wconf 77' lang='lat' dir='ltr'><strong>quse·</strong></span> 
     </span>
     <span class='ocr_line' id='line_1_44' title="bbox 201 3851 1416 3945; baseline -0.001 -27"><span class='ocrx_word' id='word_1_414' title='bbox 201 3857 360 3934; x_wconf 67' lang='lat' dir='ltr'><strong>ationem,</strong></span> <span class='ocrx_word' id='word_1_415' title='bbox 399 3857 480 3938; x_wconf 85' lang='lat' dir='ltr'><strong>quia</strong></span> <span class='ocrx_word' id='word_1_416' title='bbox 511 3853 631 3938; x_wconf 81' lang='lat' dir='ltr'><strong>video,</strong></span> <span class='ocrx_word' id='word_1_417' title='bbox 667 3863 766 3922; x_wconf 86' lang='lat' dir='ltr'><strong>etiam</strong></span> <span class='ocrx_word' id='word_1_418' title='bbox 793 3861 903 3928; x_wconf 82' lang='lat' dir='ltr'><strong>Graiis</strong></span> <span class='ocrx_word' id='word_1_419' title='bbox 925 3859 1101 3934; x_wconf 89' lang='lat' dir='ltr'><strong>accidisse,</strong></span> <span class='ocrx_word' id='word_1_420' title='bbox 1137 3867 1176 3923; x_wconf 92' lang='lat' dir='ltr'><strong>ut</strong></span> <span class='ocrx_word' id='word_1_421' title='bbox 1197 3860 1323 3945; x_wconf 79' lang='lat' dir='ltr'><strong>longius</strong></span> <span class='ocrx_word' id='word_1_422' title='bbox 1343 3851 1416 3916; x_wconf 77' lang='lat' dir='ltr'><strong>absit</strong></span> 
     </span>
     <span class='ocr_line' id='line_1_45' title="bbox 202 3937 1415 4025; baseline 0.003 -23"><span class='ocrx_word' id='word_1_423' title='bbox 202 3938 367 4002; x_wconf 83' lang='lat' dir='ltr'><strong>Aeschine</strong></span> <span class='ocrx_word' id='word_1_424' title='bbox 398 3947 431 4001; x_wconf 85' lang='lat' dir='ltr'><strong>et</strong></span> <span class='ocrx_word' id='word_1_425' title='bbox 458 3939 681 4006; x_wconf 87' lang='lat' dir='ltr'><strong>Demosthene</strong></span> <span class='ocrx_word' id='word_1_426' title='bbox 712 3941 874 4009; x_wconf 87' lang='lat' dir='ltr'><strong>Sacerdos</strong></span> <span class='ocrx_word' id='word_1_427' title='bbox 901 3950 964 4010; x_wconf 87' lang='lat' dir='ltr'><strong>iste</strong></span> <span class='ocrx_word' id='word_1_428' title='bbox 985 3943 1119 4008; x_wconf 88' lang='lat' dir='ltr'><strong>Nicetes</strong></span> <span class='ocrx_word' id='word_1_429' title='bbox 1150 3951 1184 4006; x_wconf 89' lang='lat' dir='ltr'><strong>et</strong></span> <span class='ocrx_word' id='word_1_430' title='bbox 1204 3945 1233 4006; x_wconf 90' lang='lat' dir='ltr'><strong>si</strong></span> <span class='ocrx_word' id='word_1_431' title='bbox 1254 3942 1324 4025; x_wconf 87' lang='lat' dir='ltr'><strong>quis</strong></span> <span class='ocrx_word' id='word_1_432' title='bbox 1344 3937 1415 3997; x_wconf 69' lang='lat' dir='ltr'><strong>alius</strong></span> 
     </span>
     <span class='ocr_line' id='line_1_46' title="bbox 203 4021 1415 4108; baseline -0.006 -23"><span class='ocrx_word' id='word_1_433' title='bbox 203 4023 369 4108; x_wconf 88' lang='lat' dir='ltr'><strong>Ephesum</strong></span> <span class='ocrx_word' id='word_1_434' title='bbox 415 4023 469 4085; x_wconf 88' lang='lat' dir='ltr'><strong>vel</strong></span> <span class='ocrx_word' id='word_1_435' title='bbox 504 4021 686 4105; x_wconf 81' lang='lat' dir='ltr'><strong>Mytilenas</strong></span> <span class='ocrx_word' id='word_1_436' title='bbox 726 4032 888 4091; x_wconf 86' lang='lat' dir='ltr'><strong>contentis</strong></span> <span class='ocrx_word' id='word_1_437' title='bbox 926 4029 1198 4092; x_wconf 87' lang='lat' dir='ltr'><strong>scholasticorum</strong></span> <span class='ocrx_word' id='word_1_438' title='bbox 1236 4021 1415 4088; x_wconf 87' lang='lat' dir='ltr'><strong>clamoribus</strong></span> 
     </span>
     <span class='ocr_line' id='line_1_47' title="bbox 205 4105 1416 4252; baseline 0.001 -84"><span class='ocrx_word' id='word_1_439' title='bbox 205 4109 334 4252; x_wconf 66' lang='lat' dir='ltr'><strong>quatit,</strong></span> <span class='ocrx_word' id='word_1_440' title='bbox 363 4125 462 4188; x_wconf 91' lang='lat' dir='ltr'><strong>quam</strong></span> <span class='ocrx_word' id='word_1_441' title='bbox 491 4105 573 4170; x_wconf 82' lang='lat' dir='ltr'><strong>Afer</strong></span> <span class='ocrx_word' id='word_1_442' title='bbox 603 4118 662 4172; x_wconf 90' lang='lat' dir='ltr'><strong>aut</strong></span> <span class='ocrx_word' id='word_1_443' title='bbox 689 4109 866 4174; x_wconf 72' lang='lat' dir='ltr'><strong>Africanus</strong></span> <span class='ocrx_word' id='word_1_444' title='bbox 895 4123 953 4176; x_wconf 91' lang='lat' dir='ltr'><strong>aut</strong></span> <span class='ocrx_word' id='word_1_445' title='bbox 980 4131 1041 4176; x_wconf 86' lang='lat' dir='ltr'><strong>vos</strong></span> <span class='ocrx_word' id='word_1_446' title='bbox 1067 4114 1133 4195; x_wconf 87' lang='lat' dir='ltr'><strong>ipsi</strong></span> <span class='ocrx_word' id='word_1_447' title='bbox 1153 4131 1174 4173; x_wconf 84' lang='lat' dir='ltr'><strong>a</strong></span> <span class='ocrx_word' id='word_1_448' title='bbox 1192 4107 1349 4173; x_wconf 79' lang='lat' dir='ltr'><strong>Cicerone</strong></span> <span class='ocrx_word' id='word_1_449' title='bbox 1366 4105 1416 4164; x_wconf 70' lang='lat' dir='ltr'><strong>sui</strong></span> 
     </span>
    </p>

    <p class='ocr_par' dir='ltr' id='par_1_9' title="bbox 236 4192 537 4253">
     <span class='ocr_line' id='line_1_48' title="bbox 236 4192 537 4253; baseline -0.003 -1"><span class='ocrx_word' id='word_1_450' title='bbox 236 4193 323 4252; x_wconf 87' lang='lat' dir='ltr'><strong>einio</strong></span> <span class='ocrx_word' id='word_1_451' title='bbox 345 4192 537 4253; x_wconf 83' lang='lat' dir='ltr'><strong>recessistis.</strong></span> 
     </span>
    </p>
   </div>
   <div class='ocr_carea' id='block_1_7' title="bbox 276 4317 1415 4416">
    <p class='ocr_par' dir='ltr' id='par_1_10' title="bbox 276 4317 1415 4416">
     <span class='ocr_line' id='line_1_49' title="bbox 276 4317 1415 4416; baseline 0.003 -39"><span class='ocrx_word' id='word_1_452' title='bbox 276 4329 308 4378; x_wconf 90' lang='lat'><strong>·1.</strong></span> <span class='ocrx_word' id='word_1_453' title='bbox 345 4333 437 4380; x_wconf 82' lang='lat' dir='ltr'><strong>vetera</strong></span> <span class='ocrx_word' id='word_1_454' title='bbox 455 4335 567 4382; x_wconf 84' lang='lat' dir='ltr'><strong>tantum</strong></span> <span class='ocrx_word' id='word_1_455' title='bbox 586 4336 614 4392; x_wconf 79' lang='lat' dir='ltr'><strong>st</strong></span> <span class='ocrx_word' id='word_1_456' title='bbox 633 4333 767 4416; x_wconf 66' lang='lat' dir='ltr'><strong>antiqua,</strong></span> <span class='ocrx_word' id='word_1_457' title='bbox 786 4340 819 4386; x_wconf 89' lang='lat' dir='ltr'><strong>ut</strong></span> <span class='ocrx_word' id='word_1_458' title='bbox 837 4351 861 4386; x_wconf 91' lang='lat' dir='ltr'><strong>o.</strong></span> <span class='ocrx_word' id='word_1_459' title='bbox 882 4339 925 4392; x_wconf 86' lang='grc'><strong>16.</strong></span> <span class='ocrx_word' id='word_1_460' title='bbox 946 4337 989 4392; x_wconf 88' lang='grc'><strong>17.</strong></span> <span class='ocrx_word' id='word_1_461' title='bbox 1010 4341 1039 4389; x_wconf 87' lang='grc'><strong>01</strong></span> <span class='ocrx_word' id='word_1_462' title='bbox 1057 4331 1174 4409; x_wconf 66' lang='lat' dir='ltr'><strong>dpxaios</strong></span> <span class='ocrx_word' id='word_1_463' title='bbox 1192 4340 1237 4390; x_wconf 81' lang='lat' dir='ltr'><strong>sai</strong></span> <span class='ocrx_word' id='word_1_464' title='bbox 1253 4321 1369 4390; x_wconf 77' lang='grc'><strong>11110151,</strong></span> <span class='ocrx_word' id='word_1_465' title='bbox 1385 4317 1415 4370; x_wconf 65' lang='lat' dir='ltr'><strong>dt</strong></span> 
     </span>
    </p>
   </div>
   <div class='ocr_carea' id='block_1_8' title="bbox 0 0 1471 4802">
    <p class='ocr_par' dir='ltr' id='par_1_11' title="bbox 0 0 1471 4802">
     <span class='ocr_line' id='line_1_50' title="bbox 0 0 1471 4802; baseline 0 0"><span class='ocrx_word' id='word_1_466' title='bbox 0 0 1471 4802; x_wconf 95' lang='lat' dir='ltr'><strong> </strong></span> 
     </span>
    </p>
   </div>
  </div>
 </body>
</html>
