2846 4802
144 239 207 305 312
456 229 681 296 DIALOGUS
702 231 761 294 DE
784 227 1073 292 ORATORIBUS.

147 407 284 481 festino,
307 409 364 473 ut,
387 399 525 464 dimissa
545 401 660 485 priore
682 418 783 481 cura,
810 417 918 463 novae
939 398 1133 484 cogitationi
1154 403 1225 458 toto
1247 405 1400 480 pectore

147 489 347 552 incumbam.

232 569 324 633 Adeo
345 577 380 630 te
400 565 590 652 tragoediae
612 570 696 630 istae
717 585 783 629 non
806 567 947 644 satiant,
969 565 1081 648 inquit
1100 563 1211 648 Aper,
1235 585 1301 648 qno
1324 567 1400 626 mi-

149 677 231 736 nus,
252 655 384 716 omissis
406 655 596 714 orationum
618 661 652 714 et
673 668 832 713 curarum
854 647 991 725 studiis,
1015 669 1112 710 omne
1134 659 1265 733 tempus
1285 647 1398 710 modo

150 741 240 802 circa
260 734 436 817 Medeam,
458 756 535 799 ecce
555 753 645 797 nunc
667 737 757 797 circa
777 733 959 814 Thyestem
981 736 1178 794 consumas?
1212 753 1317 815 quum
1338 741 1401 794 tot

151 821 336 884 amicorum
357 815 498 894 causae,
519 824 570 878 tot
590 817 797 877 coloniarum
820 823 854 876 et
874 817 1136 896 municipiorum
1158 817 1330 877 clientelae
1354 818 1399 874 in

150 908 264 968 forum
291 907 430 979 vocent,
460 899 582 981 quibus
609 902 668 962 vix
694 898 889 976 sufficeres,
922 897 1053 958 etiamsi
1083 915 1150 957 non
1176 913 1301 958 novum
1324 899 1400 959 tibi

151 991 225 1073 ipse
245 983 428 1069 negotium
456 984 691 1064 importasse,
718 981 905 1042 Domitium
938 986 972 1040 et
993 975 1167 1051 Catonem,
1200 977 1236 1040 id
1257 987 1308 1041 est
1328 998 1401 1039 no-

153 1083 241 1137 stras
270 1085 404 1151 quoquo
435 1065 593 1128 historias
621 1075 655 1129 et
676 1063 824 1126 Romana
852 1063 1004 1142 nomina,
1034 1060 1240 1124 Graecorum
1266 1063 1400 1126 sabulis

154 1169 349 1242 aggi'OgarO·

226 1311 252 1363 1.
289 1305 402 1378 igitur,
421 1319 449 1357 v,
469 1302 505 1356 ad
525 1301 560 1356 G.
580 1305 625 1359 28.
646 1321 675 1356 ιι.
694 1303 721 1358 5.
741 1331 777 1342 -
803 1301 937 1356 cedentem
956 1303 1092 1370 ipsaemet
1109 1319 1187 1370 quem
1207 1307 1261 1353 oet.
1291 1298 1401 1370 Copu-

154 1381 215 1434 lam
234 1379 399 1450 antequem
418 1393 454 1430 ex
472 1381 530 1428 vet.
551 1375 595 1430 ed.
615 1373 697 1428 Rom.
718 1375 829 1444 recepit
848 1375 926 1444 Lips.
955 1373 987 1425 in
1014 1371 1077 1426 edd.
1103 1381 1212 1443 poster.
1234 1381 1263 1426 et
1281 1372 1400 1426 deinde

157 1469 265 1508 omnes.
305 1451 415 1505 Omissa
434 1449 466 1500 in
485 1447 564 1502 MSS.
583 1447 647 1504 Vat.
668 1455 698 1501 et
717 1447 779 1502 edd.
799 1453 858 1500 vet.
877 1446 960 1517 prob.
982 1446 1063 1499 Osan.
1110 1447 1166 1499 llio
1194 1453 1259 1515 apte
1285 1455 1401 1500 contu-

155 1525 195 1579 lit
219 1523 347 1579 similem
367 1521 490 1591 copulae
519 1519 638 1592 ellipsin
664 1537 709 1590 ap.
734 1519 801 1577 biv.
820 1523 866 1577 21.
886 1520 932 1576 25.
965 1517 1108 1590 profectus
1127 1525 1156 1572 in
1176 1519 1292 1574 insidias
1310 1539 1403 1588 prae-

156 1596 461 1667 cipitatus-emersit.
500 1593 543 1647 cf.
563 1593 629 1648 lud.
650 1593 706 1648 111.
725 1611 752 1646 v.
771 1593 918 1664 Asyndein.
933 1623 965 1632 -
996 1611 1075 1663 quem
1099 1592 1191 1660 pridie
1215 1598 1401 1654 recitaverat,

156 1673 274 1731 libram,
301 1669 339 1722 cf.
358 1685 419 1738 cap.
438 1669 457 1721 2
473 1682 519 1737 pr.
540 1674 568 1720 et
587 1665 623 1718 ad
642 1683 705 1737 cap.
724 1669 751 1723 O.
770 1695 807 1707 -
840 1671 919 1720 intra
943 1669 1043 1719 manui
1065 1665 1209 1720 habentem
1233 1683 1287 1736 pro
1307 1667 1401 1752 vulg.

157 1747 189 1798 in
206 1742 333 1798 manibus
352 1740 378 1794 h.
404 1739 454 1793 vel
479 1745 673 1793 intermunus
698 1737 724 1790 l.
753 1747 787 1790 ut
812 1755 857 1809 ap.
885 1738 958 1792 Plin.
979 1755 1023 1808 ep.
1044 1741 1077 1805 5,
1097 1741 1130 1804 5,
1150 1743 1177 1794 7.
1204 1739 1283 1808 quod
1309 1739 1402 1792 dedrt

113 1877 116 1884 .
157 1816 237 1872 Seeb.
275 1813 354 1882 „Sed
372 1817 446 1867 inter
465 1820 494 1865 et
512 1817 604 1876 intra,
637 1820 670 1864 ut
687 1830 767 1882 super
786 1819 815 1865 et
832 1829 935 1883 supra,
965 1811 1066 1865 eodem
1085 1811 1172 1864 modo
1193 1819 1221 1864 et
1239 1829 1324 1866 sensu
1342 1813 1402 1865 ad-

155 1887 321 1944 hibentur.”
334 1913 335 1920 1
349 1885 380 1940 V.
399 1886 435 1936 D.
454 1885 587 1938 laudatus
608 1884 639 1936 in
657 1889 760 1938 uota1
782 1892 854 1938 extr.
892 1883 1125 1954 deprehendimus.
1144 1885 1292 1959 Dialogus.
1321 1887 1402 1940 Tum

158 1963 201 2017 ed.
220 1978 267 2033 pr.
288 1966 318 2014 et
335 1959 398 2012 Put.
418 1957 657 2028 deprehendimus,
675 1975 703 2011 v.
724 1957 759 2010 ad
778 1961 849 2032 Agr.
869 1959 895 2014 7.
916 1976 945 2011 ιι.
965 1959 992 2012 2

229 2053 256 2108 2.
294 2049 378 2105 Nilne
396 2055 436 2114 te,·
456 2049 647 2103 Heumannus
666 2062 743 2099 corr.
763 2044 815 2100 Nil
831 2053 858 2100 te
876 2056 1000 2118 propter
1017 2051 1207 2119 naxoporiar,
1228 2065 1316 2118 quam
1334 2049 1401 2102 sibi

159 2124 223 2194 ipse
240 2121 342 2188 finxit3
361 2121 422 2175 sila
453 2139 480 2174 v.
507 2121 656 2192 Wopken.
676 2119 747 2172 obss.
767 2119 848 2173 misc.
867 2121 901 2174 Τ.
920 2122 992 2188 v11,
1012 2126 1039 2178 3.
1057 2139 1087 2197 p.
1108 2125 1178 2187 383;
1206 2121 1307 2175 Osann.
1346 2123 1402 2176 cf.

158 2195 222 2250 Iud.
242 2195 297 2251 111.
325 2214 354 2250 v.
375 2195 598 2249 Homoeoteleuta
616 2201 646 2246 et
671 2191 731 2246 cic.
761 2191 822 2246 Cat.
844 2199 871 2260 1,
890 2199 906 2249 1
922 2211 968 2264 pr.
988 2223 1025 2235 -
1050 2193 1168 2263 subulae
1184 2199 1403 2266 malignorum,

157 2276 191 2320 ut
208 2284 252 2338 ap.
274 2267 336 2322 cic.
355 2283 411 2338 pro
430 2267 524 2321 Deiot.
546 2285 571 2321 o.
593 2270 637 2324 12.
662 2267 762 2318 urlani
786 2269 983 2338 malevolorum
1001 2270 1184 2332 sermunculif
1208 2267 1314 2322 Selenia.
1345 2268 1400 2322 Cf.

159 2340 196 2394 ad
214 2357 239 2394 c.
258 2342 285 2396 2.
305 2358 333 2394 ιι.
353 2343 379 2396 2.
399 2369 436 2381 -
469 2359 521 2411 que
539 2343 632 2394 minus
650 2334 771 2406 offensae
790 2339 904 2394 Catonis
921 2346 965 2395 tui
982 2359 1073 2402 ames,
1100 2341 1280 2416 tragoediam
1299 2349 1401 2406 tuam,

159 2431 233 2484 quae
252 2411 377 2469 offendit
395 2412 562 2484 potentium
580 2413 701 2465 animos.
723 2412 766 2465 cf.
786 2411 822 2464 ad
841 2430 902 2484 cap.
922 2415 948 2468 2.
970 2430 998 2466 ιι.
1020 2419 1045 2468 1.
1066 2421 1095 2467 et
1113 2414 1149 2466 ad
1168 2430 1229 2484 cap.
1251 2419 1294 2469 to.
1315 2432 1343 2466 n.
1365 2418 1400 2470 6.

162 2493 192 2540 et
210 2489 236 2543 7.
275 2485 311 2537 Vi
335 2491 402 2539 ente
421 2485 546 2556 imperio
565 2501 697 2554 novaque
715 2485 883 2554 Vespasiani
903 2484 1009 2552 domo,
1029 2486 1120 2551 cato,
1140 2485 1283 2540 libertatis
1301 2505 1402 2538 asser-

159 2566 223 2626 tor,
244 2558 307 2611 iuvi
330 2557 421 2613 'osum
441 2565 504 2612 erat
522 2557 690 2634 tragoediae
709 2566 915 2632 argumentum
936 2565 964 2611 et
981 2557 1097 2613 offensis
1117 2560 1292 2624 obnoxium3
1312 2559 1400 2612 Brot.

158 2649 233 2686 emes
251 2631 369 2707 egregie
389 2649 424 2685 ex
443 2649 469 2685 c.
488 2631 574 2685 Fam.
595 2631 659 2685 edd.
681 2631 760 2700 Lips.
781 2636 810 2684 et
829 2649 889 2685 rec.
921 2630 964 2684 cf.
985 2631 1021 2684 ad
1039 2649 1063 2685 c.
1085 2637 1110 2686 1.
1129 2651 1157 2685 n.
1177 2637 1203 2688 3.
1230 2651 1309 2686 auree
1327 2632 1399 2686 edd.

160 2710 219 2758 vet.
240 2703 348 2774 inepte.
386 2703 556 2769 „Droukius
575 2703 700 2757 malebat
718 2721 809 2762 cerea,
835 2701 892 2758 hoc
911 2721 1011 2770 sensu,
1036 2705 1138 2760 credo:
1167 2705 1337 2774 quominus
1356 2706 1402 2758 de

161 2775 278 2831 offensis
298 2775 414 2831 Catonis
433 2776 477 2830 tui
496 2777 642 2831 sollicitus
660 2776 707 2830 sis.
745 2775 870 2830 Sedhoc
885 2784 999 2831 nonest
1013 2774 1133 2846 offensae
1145 2781 1268 2832 curare.'’
1290 2779 1401 2832 Osann.

161 2877 198 2890 -
221 2850 269 2903 An
288 2849 348 2902 ideo
367 2850 467 2903 librum
486 2855 569 2903 istum
587 2848 804 2920 reprehendisti.-
825 2850 867 2902 ita
885 2848 959 2902 Pith.
981 2857 1009 2903 et
1028 2849 1095 2904 Sch.
1115 2869 1152 2906 ex
1170 2851 1283 2905 emend.
1303 2851 1401 2904 lllodii

162 2930 192 2976 et
210 2921 291 2992 Lipe.
310 2919 339 2974 h.
361 2937 385 2975 e.
407 2922 517 2975 iterum
534 2921 737 2992 prehendisti‚
770 2929 804 2974 ut
828 2939 873 2992 ap.
903 2922 980 2976 Suet.
1012 2923 1105 3000 Oalig.
1126 2941 1151 2976 c.
1172 2927 1216 2980 45.
1243 2933 1272 2977 et
1289 2923 1400 2978 Vitell.

161 2996 205 3050 12.
228 2993 320 3048 Plaut.
345 2994 427 3047 Most.
448 2997 483 3058 4,
503 2999 535 3061 1,
555 2999 581 3051 6.
619 2993 820 3064 deprehendisti
845 2989 899 3048 ed.'
916 3013 962 3065 pr.
993 2995 1074 3050 Rom.
1104 2997 1213 3064 11110611,
1242 2999 1305 3050 Put.
1329 2997 1400 3050 Riv.

160 3067 226 3120 Ber.
251 3063 343 3120 then.
372 3073 448 3134 tres,
476 3067 529 3120 Dr.
550 3067 593 3121 Os.
632 3067 717 3133 „Hoc
743 3075 913 3120 revocatum
939 3087 955 3120 a
982 3068 1062 3123 Seeb.
1089 3087 1174 3124 sensu
1197 3069 1286 3122 huius
1309 3069 1401 3124 verbi

161 3139 238 3192 bono
258 3145 287 3192 et
305 3139 441 3208 proprio.-
473 3155 541 3192 nam
566 3139 743 3263 sipnificatio
763 3140 923 3194 iterationis
942 3141 999 3193 iatn
1019 3141 1096 3196 inest
1113 3143 1203 3196 verbo
1221 3151 1403 3202 retruderes,

160 3226 257 3280 neque
276 3209 470 3280 relinquenda
489 3219 571 3265 vetus
605 3211 699 3278 ectio,
719 3213 778 3266 nisi
796 3212 986 3282 reprehendere
1005 3221 1047 3268 est
1065 3215 1104 3268 id.
1124 3215 1173 3284 qd.
1193 3215 1401 3286 deprehendere,

161 3282 241 3352 quod
257 3282 383 3338 Wessel.
404 3283 475 3338 obss.
497 3289 532 3350 1,
553 3288 596 3341 16.
616 3285 761 3355 exemplis
779 3285 909 3339 limnasse
928 3285 1051 3354 dicitur3
1079 3289 1199 3342 Dronle.
1236 3287 1324 3343 Nihil
1342 3287 1402 3343 bo-

160 3373 229 3409 rum
247 3355 402 3422 satisfecit,
434 3363 464 3410 et
481 3357 611 3411 alienum
630 3357 665 3410 ab
683 3357 713 3410 b.
733 3357 752 3411 t
772 3357 984 3429 deprehendere,
1020 3359 1056 3413 de
1083 3375 1141 3430 quo
1165 3378 1193 3414 v.
1218 3361 1254 3414 ad
1276 3361 1347 3436 Agr.
1367 3365 1399 3417 7.

129 3431 137 3440 “
162 3447 193 3482 ιι.
212 3430 240 3484 2.
279 3427 484 3498 apprehendisti
514 3429 578 3484 edd.
605 3429 712 3484 Frena.
742 3429 804 3486 eol.
826 3431 902 3503 hips.
922 3432 1009 3486 Bern.
1030 3431 1121 3488 Gron.
1142 3433 1192 3488 Ob.
1212 3435 1260 3488 Or.
1281 3452 1296 3489 e
1314 3436 1400 3490 coni.

161 3499 254 3555 Rhen.
274 3503 375 3556 librum
393 3501 531 3556 istluncee
548 3501 720 3573 prehendisti
738 3520 813 3558 corr.
834 3503 977 3558 Schurati.
1008 3512 1037 3558 et
1063 3524 1085 3558 e.
1106 3511 1191 3562 istum
1215 3509 1403 3578 perlustrasti

162 3573 266 3627 Heum.
286 3602 322 3614 -
346 3582 375 3628 et
392 3575 556 3647 diligentius
574 3583 747 3638 retractares,
766 3595 794 3632 v.
816 3577 851 3630 ad
870 3577 906 3631 G.
926 3579 970 3635 22.
990 3595 1018 3631 ιι.
1038 3581 1065 3635 O.
1085 3607 1122 3620 ··-
1145 3581 1278 3643 sublatis,
1297 3585 1323 3635 si
1340 3601 1403 3652 qua

163 3645 485 3718 (aliqum-dederunt,
512 3665 567 3719 pro
586 3653 702 3704 sublatis
720 3653 879 3714 nonnullis,
902 3669 972 3722 quae
982 3650 1111 3720 sortasse
1130 3661 1184 3708 cet.
1223 3653 1271 3708 Sic
1290 3657 1404 3724 siquis

164 3725 193 3774 et
211 3724 237 3774 ei
254 3737 336 3791 pune,
365 3721 415 3775 vel
433 3720 529 3792 potine
548 3727 575 3776 ei
592 3726 642 3793 qui
660 3731 690 3777 et
709 3725 736 3777 ei
753 3741 825 3795 qun,
857 3739 913 3794 pro
940 3727 965 3780 ie
982 3730 1031 3796 qui
1048 3731 1078 3778 et
1096 3743 1230 3800 eaquae,
1262 3731 1402 3799 quisquis,

162 3793 333 3865 quicumque,
351 3811 537 3866 quaeeunque,
565 3803 598 3847 ut
616 3797 680 3858 εἴτις
698 3803 727 3850 et
745 3800 829 3852 eicere
846 3814 901 3867 pro
920 3793 989 3863 ὅςιις
1007 3805 1036 3852 et
1055 3796 1140 3854 isira.
1177 3799 1270 3854 Huius
1289 3800 1403 3854 dictio·

163 3865 209 3918 nis
229 3865 386 3920 immemor
403 3867 462 3920 fuit
480 3865 561 3922 Seeb.
582 3868 633 3937 qui
650 3868 771 3940 scripsit
787 3872 907 3926 stellatis
925 3875 962 3926 iis
983 3889 1062 3942 quae,
1080 3880 1110 3928 et
1121 3873 1227 3928 ileum.
1246 3873 1299 3943 qui
1316 3873 1402 3926 coni.

163 3939 282 3992 sublatis
299 3957 376 4009 quae.
414 3937 472 3993 Sed
489 3945 516 3995 si
532 3959 588 4012 qua
606 3941 743 3996 substitui
764 3959 818 4012 pro
844 3944 925 4020 vulg.
945 3949 1075 4016 siquae,
1110 3945 1246 4016 idemque
1269 3947 1326 4001 iarn
1353 3947 1403 4000 fe·

166 4010 238 4066 cisse
256 4011 360 4065 Osann.
378 4018 478 4082 postea
498 4013 699 4069 animadverti.
737 4015 781 4068 lta
803 4017 892 4087 paulo
919 4023 985 4086 post
1009 4019 1105 4089 quodsi
1128 4037 1185 4090 qna
1202 4025 1298 4076 omisit
1317 4020 1404 4080 cato,

164 4091 194 4137 et
210 4087 237 4138 si
255 4103 310 4156 qua
328 4099 352 4136 c.
374 4087 417 4140 18.
437 4102 482 4156 pr.
503 4095 533 4141 et
551 4104 613 4158 cap.
633 4089 678 4142 42.
708 4091 836 4160 nisique
854 4105 879 4142 c.
899 4093 944 4145 36.
963 4087 1014 4142 ubi
1035 4107 1062 4143 v.
1083 4099 1150 4146 nota
1169 4094 1195 4148 5.
1214 4121 1250 4133 -
1279 4111 1405 4162 pravam

165 4157 371 4226 interpretandi
388 4163 538 4213 materiam
562 4175 618 4230 per
641 4157 821 4246 hypallagen
839 4177 894 4231 pro
909 4180 996 4234 praee
1014 4168 1033 4218 i.
1054 4183 1090 4218 m.
1116 4165 1194 4235 quod
1220 4165 1327 4220 dedere
1352 4166 1402 4219 Os.

165 4236 194 4283 et
213 4229 290 4285 Orel.
311 4229 380 4300 mnia
398 4229 440 4284 sic
457 4249 533 4286 uuus
552 4233 659 4298 codex,
692 4234 890 4301 nescioquis,
926 4241 998 4290 teste
1024 4253 1120 4307 neque
1139 4237 1264 4309 improb.
1283 4237 1401 4309 Wopk.

165 4301 237 4356 obss.
256 4303 337 4357 misc.
358 4303 436 4366 vll,
453 4308 480 4361 3.
500 4321 530 4376 p.
548 4309 611 4362 381.
631 4333 664 4346 -
683 4310 820 4359 emitteres
839 4307 981 4373 Catonem,
1000 4317 1044 4364 tra
1086 4311 1180 4364 ediam
1197 4311 1285 4365 huius
1304 4311 1404 4368 tituli.

164 4392 201 4428 sc.
223 4393 238 4429 e
258 4376 392 4432 manibus
412 4376 445 4430 in
464 4379 585 4454 vulgans,
614 4376 646 4430 in
665 4377 788 4446 lucem,
810 4387 843 4432 ut
862 4397 907 4454 ap.
928 4382 1005 4438 Suet.
1027 4383 1128 4438 caud.
1148 4388 1192 4442 33.
1212 4384 1275 4439 Oic.
1296 4401 1343 4456 ep.
1365 4386 1405 4437 ad
