2770 4792
142 223 145 230 ’
182 245 244 312 sos
597 245 846 352 nemeseus
869 243 989 310 virs.

182 419 320 466 auserunt
337 427 467 466 canores.
504 411 533 465 ie
571 429 602 465 ue
622 415 653 466 in
672 415 787 467 tributus
800 413 972 484 imperandis
992 417 1103 464 tantane
1123 415 1213 464 oneris
1228 411 1301 479 plebi
1317 413 1379 478 impo

183 487 316 548 uebatur,
342 493 389 545 ut,
417 488 530 539 etiamsi
587 489 674 540 mines
692 485 839 553 facerent,
869 503 910 540 res
938 490 1001 554 ipsa
1019 487 1100 538 illum
1118 502 1225 538 aeneum
1242 483 1379 552 repudiant

182 559 242 612 eie.
262 559 345 610 Verr.
367 559 411 622 11,
430 561 465 624 2,
485 561 528 613 55.
576 559 649 611 Male
670 563 700 612 in
720 563 917 632 aequalitatem
936 560 998 611 Vnt.
1017 559 1096 613 3429.
1127 558 1216 627 [utet
1235 559 1265 610 in
1283 557 1378 624 aequali

180 639 264 685 tatem
275 631 318 684 ed.
330 629 430 699 Book-J
450 649 592 686 nurneruen
602 633 665 684 Put.¹
675 640 744 697 tres,
763 633 827 686 niv.
838 633 903 686 Ber.
923 647 1064 686 munem
1076 630 1139 684 edd.
1150 627 1242 684 Rhen.
1262 637 1290 682 et
1300 645 1350 682 rec.
1359 655 1379 666 -

180 707 351 760 simumeiee's
374 720 413 756 so.
435 705 485 764 iis,
510 723 593 774 quae,
618 709 650 758 in
668 714 807 776 quaesiuere
827 711 955 776 reperta,
984 709 1045 774 ipso
1064 711 1098 755 tr.
1118 721 1162 774 pr.
1182 710 1203 756 t.
1249 703 1309 754 Huc
1327 702 1379 752 reie

182 775 271 830 rende
295 779 373 830 iuris
396 777 566 846 fraudesque
596 777 695 831 Verris
723 786 765 840 et,
791 779 842 848 qui
867 795 897 831 se
922 778 949 831 ei
976 777 1069 832 socios
1099 775 1307 840 adiunxerant,
1331 789 1379 842 pro·

181 854 349 903 omnnium
380 857 410 902 et
440 848 668 904 decumanorum
694 870 714 902 s.
739 851 980 920 publicanorum
1010 858 1074 904 tum
1104 849 1199 902 edictu
1225 847 1290 900 ills:
1317 865 1379 916 quar

181 919 241 976 tabe
258 923 422 976 demamus
440 923 568 986 ediderit,
590 924 646 978 eibi
662 923 728 976 dari
746 933 887 994 oportere,
915 925 946 976 id
966 927 1001 978 ab
1024 930 1138 976 aratore
1155 925 1336 992 magistrutus
1354 919 1379 968 Si

180 997 255 1050 sulus
273 999 383 1066 exigat,
408 1002 437 1049 et
460 1015 494 1048 ne
515 1001 577 1068 quis
592 995 771 1065 frumentum
789 999 820 1050 de
838 1015 904 1050 area
923 1000 1046 1056 tolleret,
1074 999 1153 1061 (nem
1172 995 1203 1046 in
1222 1011 1254 1046 en
1272 989 1325 1046 boc
1342 999 1379 1042 ter

179 1067 288 1122 solebat
307 1085 324 1122 e
342 1067 461 1122 Graecis
489 1077 518 1124 et
536 1069 685 1123 Romanis:
711 1071 809 1122 messis
833 1069 903 1122 olibi
927 1069 1043 1122 tribulis
1070 1069 1102 1120 in
1120 1085 1199 1132 eres,
1225 1065 1297 1120 alibi
1318 1081 1378 1132 equs

179 1157 245 1268 «ΤΣ
257 1140 1379 1280 ffiid'sssszimudhiaffiiiei'libbil‘ilmmmim‘iss'i'liid

329 1249 338 1275 ,
600 1253 606 1264 .
694 1254 700 1266 .

178 1295 222 1342 tas
239 1286 387 1350 hberents
414 1287 491 1353 (Cic.
512 1289 714 1355 Verr.ll,3,
734 1293 777 1344 13.
799 1291 857 1354 14.)
880 1297 943 1342 tum
970 1289 1000 1340 in
1018 1234 1124 1357 qumi.
1144 1302 1217 1354 quae
1235 1287 1379 1339 reseruntur

178 1359 239 1413 Cio.
260 1361 343 1414 Verr.
363 1361 408 1424 11,
429 1366 461 1424 3,
480 1365 523 1416 77.
562 1360 636 1414 Nam
655 1363 775 1414 utillud
789 1366 904 1416 missurn
917 1361 1038 1429 fariam,
1054 1363 1209 1430 permultae
1226 1366 1348 1412 oratoru
1364 1359 1379 1404 ir

178 1436 280 1488 alterae
305 1435 430 1488 deewnas
458 1441 486 1486 et
508 1433 575 1486 leaeo
599 1433 708 1486 Doce
723 1437 817 1488 millia
842 1436 984 1498 modium,
1014 1434 1089 1505 quod
1103 1439 1223 1504 emptum
1241 1431 1307 1500 Pop
1324 1429 1379 1480 eon

177 1507 288 1568 darent,
315 1525 372 1560 non
395 1506 537 1568 habuisse,
563 1507 611 1560 sed
635 1527 653 1561 a
677 1515 725 1562 tuo
756 1508 936 1562 procuratore
954 1507 979 1559 le.
999 1526 1020 1560 e.
1040 1511 1074 1560 ab
1092 1507 1219 1577 Apronio
1237 1509 1345 1558 emisse:
1366 1519 1379 1550 t·

176 1599 230 1652 quo
249 1582 376 1651 intelligi
388 1589 496 1650 potest,
527 1581 603 1634 nihil
617 1589 644 1632 te
662 1585 821 1636 aratoribus
839 1584 941 1656 reliqui
950 1579 1073 1649 fecisses
1101 1589 1132 1632 ut
1155 1579 1206 1632 leae
1220 1585 1379 1648 praetereant

176 1654 248 1724 quod
263 1655 412 1706 multonem
431 1654 486 1718 (ite
504 1653 563 1729 leg.
584 1671 619 1708 ex
629 1653 684 1708 MS.
696 1656 807 1721 Ursini,
827 1671 885 1708 non
905 1659 936 1708 in
953 1656 1064 1719 multis)
1082 1661 1121 1707 est
1137 1655 1310 1706 testimoniis
1327 1665 1379 1715 expe

175 1730 278 1780 situms
292 1729 444 1796 potestillo
457 1730 603 1798 quiequam
615 1745 669 1780 esse
687 1733 796 1788 certius,
816 1733 829 1779 i
836 1747 855 1780 re
873 1737 931 1782 tua
950 1733 1129 1798 potestate
1147 1733 1255 1795 atque
1275 1727 1313 1776 iu
1332 1725 1379 1772 tui

175 1799 297 1852 borrei
302 1818 316 1852 s
324 1814 413 1868 nenne
416 1799 597 1868 frumentum
611 1801 724 1855 Siciliae
731 1821 783 1872 per
796 1805 950 1856 triennium
962 1813 1044 1874 atque
1058 1817 1150 1852 ornnes
1158 1798 1276 1868 fructus
1285 1799 1347 1866 agri
1360 1791 1379 1843 d

174 1875 287 1926 ewnmei
297 1871 412 1941 fuisse?
430 1881 459 1926 et
478 1873 538 1926 Gio.
559 1874 642 1927 Verr.
662 1876 707 1940 11,
726 1881 760 1938 3,
780 1879 823 1932 73.
860 1876 977 1945 Reperio
997 1893 1083 1946 genus
1100 1871 1275 1932 huiusmodi,
1296 1869 1379 1924 iudico

172 1947 300 2017 praedae,
321 1953 353 1998 ut
364 1955 492 2016 praetor,
507 1949 558 2017 qui
561 1945 737 2013 frumentum
750 1967 836 2000 emere
845 1949 963 2012 debebat,
982 1967 1039 2002 non
1058 1953 1166 2005 emat,
1184 1946 1233 1996 sed
1251 1942 1379 1997 uendal

173 2022 312 2088 pecunias,
331 2021 380 2084 (ex
395 2017 508 2072 serario
521 2022 666 2090 aceeptus)
682 2025 917 2091 quaesivitatibue
934 2023 1097 2076 distribuere
1114 2020 1231 2080 debebat,
1250 2035 1298 2070 eas
1318 2031 1379 2066 ona<

174 2099 282 2146 auertat
295 2101 377 2162 atque
389 2092 509 2162 auferat.
542 2090 604 2146 Non
618 2093 690 2148 miti
701 2098 759 2147 iarn
770 2094 893 2164 surtran,
911 2095 960 2149 sed
974 2102 1131 2150 monstrum
1144 2109 1177 2145 ac
1188 2090 1352 2161 prodigium
1365 2105 1379 2138 u

172 2165 301 2227 tatem,
310 2169 454 2218 eiaitotum
462 2165 638 2234 frumentum
649 2169 813 2236 improbare,
824 2187 903 2222 suum
910 2170 1049 2239 probares
1067 2185 1149 2238 quum
1160 2182 1241 2218 saum
1256 2163 1379 2232 probasse

172 2244 325 2308 pretium
344 2241 376 2289 ei
385 2237 533 2306 frumento
551 2243 790 2307 constitueres
815 2245 889 2312 quod
904 2247 1110 2300 constituisset,
1129 2239 1161 2292 id
1176 2238 1340 2290 ciuitatibus
1357 2245 1379 2292 et

167 2309 266 2380 serre5
292 2312 364 2382 quod
381 2332 399 2364 a
413 2328 480 2382 pop.
500 2312 577 2364 Rom.
598 2317 760 2383 accepisset,
790 2323 895 2376 tenere,
925 2323 954 2369 et
973 2315 1033 2369 cic.
1054 2315 1136 2366 Verr.
1157 2311 1203 2374 11,
1223 2314 1261 2368 3,
1281 2311 1325 2364 78
1362 2301 1379 2359 ll

172 2387 251 2437 omni
266 2389 398 2454 pecunia,
418 2403 500 2456 quarn
518 2389 676 2439 aratoribus
693 2391 794 2442 solvere
812 2390 948 2452 debuisti,
974 2391 1055 2442 certis
1082 2385 1241 2439 nominibus
1269 2381 1378 2434 deducti«

173 2466 220 2511 nes
233 2457 301 2527 fieri
316 2459 456 2520 solebant,
478 2463 605 2528 primurn
631 2477 684 2530 pro
707 2467 877 2532 spectatione
895 2471 923 2514 et
941 2463 1061 2533 collybo,
1088 2461 1153 2511 dein
1170 2474 1222 2525 pro
1242 2460 1337 2510 neseio
1354 2471 1378 2522 qe

173 2535 287 2584 semrio.
326 2531 406 2584 Hinc
424 2532 565 2586 lucebunt
583 2540 611 2586 et
629 2533 717 2587 verbs
737 2552 795 2604 seq.
807 2553 874 2590 narn
893 2535 1027 2588 Britanni
1043 2551 1096 2604 per
1113 2532 1266 2584 ludibrium
1287 2527 1378 2582 assisto

173 2607 276 2658 clausis
293 2603 399 2662 horreis
416 2605 633 2671 Romanorum,
664 2607 709 2676 (ut
729 2615 829 2661 santra
849 2609 1041 2662 Gennsnicus
1061 2610 1166 2676 apertis
1189 2603 1300 2655 leorreie
1317 2608 1378 2671 preti

166 2675 288 2749 fragm
315 2681 420 2732 Ieoaait
444 2677 519 2730 Anu.
539 2681 574 2741 2,
593 2681 652 2742 59.)
680 2688 706 2732 et
734 2699 819 2734 emere
846 2685 935 2741 ultro,
951 2675 1021 2751 'ipsi
1041 2698 1057 2732 a
1075 2676 1231 2741 Romanis,
1254 2675 1378 2744 frement

172 2751 278 2826 grandi
296 2753 413 2822 pretio,
432 2770 465 2804 ae
482 2753 591 2805 vendere
606 2757 699 2824 pretio
716 2756 824 2823 posito,
844 2761 966 2818 statuto,
986 2754 1034 2818 (ci.
1055 2752 1089 2804 nd
1109 2767 1171 2820 sap.
1192 2753 1235 2802 11.
1256 2767 1287 2800 n.
1308 2751 1351 2809 6.)
1369 2765 1378 2798 s

173 2839 281 2894 parvo,
301 2825 520 2892 (quodirustrs
537 2843 593 2894 pro
608 2829 702 2897 pretio
728 2827 958 2880 substituendum
987 2825 1122 2878 censebat
1140 2823 1247 2884 Gran.)
1278 2823 1378 2890 angebo

171 2905 229 2960 tur,
247 2903 281 2947 ut
299 2897 368 2949 dare
387 2905 504 2966 possent
522 2905 653 2968 emptum
671 2901 867 2964 frumentum,
888 2919 903 2953 e
923 2899 1027 2974 legetis
1046 2906 1075 2952 et
1093 2895 1339 2966 procuratoribus
1360 2903 1378 2946 et

105 3039 111 3045 ι
172 2977 277 3022 actum.
317 2969 382 3020 Huc
409 2977 438 3022 et
457 2977 586 3038 spectent
607 2972 661 3024 ills
680 2971 753 3023 Plin.
773 2989 839 3042 pan.
859 2977 904 3030 29.
943 2973 990 3024 Sir
1007 2975 1077 3024 emit
1087 2971 1189 3038 fiscus,
1215 2967 1378 3038 quiequidi

171 3042 250 3094 detur
267 3059 368 3094 emm.-
397 3042 459 3094 inde
478 3047 575 3110 copia,
606 3046 669 3098 inde
687 3063 819 3108 annona,
844 3046 876 3098 de
893 3065 948 3118 qua
966 3050 1040 3098 inter
1056 3047 1183 3098 licentem
1200 3043 1378 3108 uendenternq

172 3119 335 3168 conveniat:
363 3115 430 3167 inde
445 3114 491 3168 leia
508 3121 635 3179 satietas,
665 3137 715 3172 nec
725 3116 821 3186 sames
840 3138 963 3191 usquam.
1001 3120 1108 3171 Horrea
1134 3123 1230 3167 autem
1253 3113 1285 3166 h.
1309 3113 1330 3165 l.
1352 3131 1377 3164 es

172 3187 308 3256 publicu,
328 3187 541 3253 Romanorum,
563 3207 621 3244 non
639 3192 773 3261 privata,
794 3193 1016 3254 Britannorum,
1037 3191 1085 3244 vel
1105 3207 1140 3242 ex
1159 3189 1235 3241 nnn.
1255 3189 1296 3250 2,
1319 3189 1363 3241 59·

172 3263 226 3326 14,
245 3263 289 3315 38.
311 3260 500 3336 intelligitur.
538 3262 596 3330 [Gi.
617 3273 646 3318 et
665 3266 764 3340 Veget.
786 3265 821 3319 de
841 3283 873 3317 re
893 3265 956 3317 snil.
976 3269 1011 3328 3,
1031 3269 1057 3320 3.
1100 3263 1279 3331 Antequam
1303 3259 1377 3312 insin

173 3341 220 3386 tur
238 3335 349 3395 bellum,
368 3334 399 3385 de
418 3337 506 3404 copiis
525 3341 699 3410 expensisque
716 3341 812 3393 sollers
831 3339 905 3390 debet
920 3355 975 3392 esse
993 3333 1146 3394 tradatur,
1165 3343 1196 3388 ut
1213 3335 1335 3402 pabula,
1348 3329 1377 3400 fr

122 3425 126 3434 ’
171 3415 292 3461 mentum
311 3416 462 3480 ceteraeque
480 3417 655 3465 annonariae
672 3415 791 3481 species,
818 3431 886 3482 quas
905 3431 923 3464 a
939 3411 1159 3482 provincialibus
1181 3409 1377 3461 consuetudo·

170 3487 273 3552 poerit,
298 3487 436 3537 maturius
454 3487 603 3554 erigantur
621 3495 647 3538 et
667 3489 698 3538 in
717 3491 882 3556 opportunis
900 3487 939 3538 ad
954 3503 1012 3538 rem
1031 3483 1181 3554 gerendam
1198 3499 1233 3534 ac
1251 3485 1377 3534 munitis

171 3559 225 3610 mie
242 3559 310 3611 locis
327 3561 449 3628 amplior
466 3575 572 3626 semper
596 3561 704 3620 modus,
729 3577 812 3630 quam
838 3555 958 3626 sufficit,
984 3554 1174 3628 aggregetur-J
1220 3557 1377 3607 circumcis

171 3649 257 3702 quae,
277 3635 308 3682 in
328 3649 352 3702 q.
372 3638 495 3700 reperta,
525 3633 586 3701 ipso
611 3642 665 3686 cst.
693 3633 811 3686 indubia
837 3631 948 3686 emend.
968 3629 1060 3684 Rhen.
1081 3629 1171 3683 etsie
1190 3643 1252 3696 esp.
1275 3633 1325 3682 10.
1347 3643 1377 3698 qs

168 3707 295 3773 priores,
314 3706 437 3758 nondum
455 3711 607 3772 comperta,
633 3709 785 3778 eloquentia
800 3709 963 3776 percoluere.
1010 3705 1084 3756 Male
1103 3707 1167 3756 circ.
1189 3705 1265 3772 inq.
1289 3705 1377 3772 repen

171 3795 240 3846 quae
257 3781 321 3846 ipso
340 3785 395 3831 cet.
415 3780 478 3830 Put.
511 3785 587 3844 tres,
619 3779 683 3832 Ber.
705 3779 797 3832 Rhen.
820 3783 845 3832 1.
868 3787 896 3832 et
915 3783 979 3832 circ.
998 3795 1068 3848 quae
1087 3781 1117 3828 in
1136 3795 1160 3847 q.
1182 3781 1299 3842 reperta
1307 3809 1317 3834 ‚
1349 3785 1377 3846 qi

171 3853 233 3920 ipso
252 3857 306 3904 eet.
327 3849 371 3903 ed.
392 3850 454 3904 Riv.
494 3849 607 3905 Deinde
626 3853 716 3906 ludere
731 3855 823 3922 pretio
842 3853 904 3903 Vnt.
925 3853 1026 3908 3029.η
1063 3849 1141 3908 Haeo
1158 3844 1283 3902 Welch.

243 3926 269 3977 d.
308 3923 441 3978 Deuortia
465 3925 597 3976 itinerum
615 3955 651 3966 —
670 3924 815 3994 deferrent.
863 3925 943 3978 Haeo
969 3922 1119 3994 pertinent
1145 3919 1180 3972 sd
1206 3921 1376 3973 irumentu

172 3995 250 4066 qnod
271 3995 438 4062 dicebatur,
464 4001 641 4050 aestimatum
667 3999 728 4052 sive
743 3997 835 4068 frum.
857 4002 887 4050 in
907 3999 1021 4056 cellam,
1049 3996 1179 4058 (locum,
1209 3991 1259 4043 ubi
1289 3993 1328 4045 in
1353 4013 1373 4044 u

171 4073 285 4123 iuturos
305 4069 452 4134 conditur)
473 4073 579 4125 cibaria
599 4079 628 4126 et
646 4073 698 4126 Gr.
718 4076 890 4146 σιτομέτριον.
916 4089 944 4123 v.
960 4071 1031 4124 Ern.
1049 4069 1122 4120 clav.
1136 4065 1196 4120 cic.
1229 4067 1376 4139 Magistri

171 4141 223 4196 bus
249 4143 328 4196 enim
353 4142 587 4211 provincialibus
613 4163 647 4199 ex
673 4146 783 4198 aerario
809 4153 860 4199 usit
883 4143 952 4196 fisco
982 4141 1107 4212 pecunia
1134 4139 1272 4202 dabatur,
1300 4157 1369 4208 qua

170 4216 305 4286 proprios
329 4211 396 4268 usds
422 4223 451 4268 st
478 4217 678 4272 necessitatem
704 4219 884 4273 frumentum
913 4215 947 4269 ab
973 4213 1134 4268 aratoribus
1161 4219 1317 4276 emerent,
1341 4229 1376 4282 qi

170 4293 347 4342 aestimatum
368 4296 429 4342 erat
448 4307 464 4340 s
483 4297 581 4342 senatu
602 4291 729 4358 (snodius
749 4291 846 4345 tritici
866 4289 914 4343 Hs
934 4287 1098 4358 quaternis,
1126 4283 1232 4338 hordei
1259 4282 1376 4352 binis)

171 4359 351 4427 vehendum,
385 4378 523 4430 quorsum
549 4363 597 4415 illi
621 4365 765 4418 volebant.
811 4363 931 4418 Licebat
955 4369 1052 4415 sertem
1079 4360 1115 4412 iis
1138 4355 1187 4411 vel
1214 4356 1326 4426 ipsum
1362 4361 1376 4412 li

171 4441 303 4488 insutum
326 4435 445 4510 exigere
466 4435 514 4489 vel
535 4445 642 4490 sertam
665 4438 820 4508 pecuniam
846 4449 902 4508 pro
929 4451 962 4488 eo
982 4441 1011 4488 at
1030 4440 1151 4487 vectura
1168 4427 1296 4501 pacisci.
1349 4434 1376 4498 (ι
