2858 4790
157 207 219 272 eto
653 199 712 266 111.
742 197 883 264 inflex

158 379 219 434 tor,
243 367 392 430 turbator,
417 365 601 432 venditator,
626 365 723 432 visor,
750 363 802 436 (qi.
820 365 964 420 essm
989 367 1021 420 in
1036 364 1175 422 Prindea.
1196 375 1223 420 et
1242 367 1316 422 διὸ.
1334 368 1377 420 tls·-

156 446 230 498 scell.
249 443 287 496 ll.
304 461 333 512 p.
352 443 411 506 15.)
429 439 609 515 instigatrix,
637 437 838 504 interfectrix,
857 437 1027 524 regnatrixs
1054 438 1271 508 irreverentia,
1290 441 1379 510 prodi·

158 515 273 593 gentia,
291 511 495 585 properantiae
522 509 806 580 comperendinatio,
831 509 998 576 desumtio,
1024 509 1175 596 dignatio,
1207 512 1378 576 dissociatio,

158 587 322 652 exsecutio,
339 584 476 650 irritatio,
494 583 659 649 rebellatio,
679 582 834 654 reputatio,
852 583 989 658 signatio,
1008 589 1104 650 statim
1122 585 1258 650 vacatio,
1278 586 1380 654 mqui-

158 661 261 736 plsga,
279 657 409 720 aurariae
430 657 581 710 literatura
590 673 608 722 ς,
618 657 679 719 iss,
698 655 831 726 plenitas

265 731 296 795 6)
316 729 417 784 Verior
444 729 598 789 absistere,
621 727 755 802 adigere,
773 727 937 794 advertere,
956 727 1126 792 aestimare,
1146 745 1311 816 oggerere,
1330 748 1383 782 asu·

158 805 267 878 bigere,
280 817 423 866 amovere,
437 807 602 864 annectere,
618 816 754 864 sonuere,
773 797 956 864 antehabere,
974 817 1152 876 oppugnare,
1172 802 1381 877 circumgredi.

159 875 382 940 circumiectus,
402 882 531 944 coeptus,
550 872 699 936 cohibere,
714 871 869 936 collocare,
883 879 1054 938 commotus,
1068 875 1300 940 communione,
1312 891 1384 928 com·

157 965 276 1020 ponere
294 946 444 1000 consulere
462 945 650 1070 fugientibus,
669 960 785 996 cursare
804 951 946 1014 tempora,
966 943 1221 1014 deprecabundus,
1241 946 1383 1001 disiuncta

159 1021 266 1085 oratio,
285 1019 468 1093 dispergere,
507 1031 594 1072 ucere
612 1018 748 1081 obsolute,
769 1015 923 1069 elabuntur
940 1023 1034 1080 artus,
1053 1017 1188 1086 eripere,
1207 1018 1321 1084 eximi,
1341 1036 1383 1072 ex·

158 1093 303 1155 istimare,
323 1090 460 1160 expedire
478 1091 580 1154 sisoi,
600 1089 760 1150 exsultare,
779 1087 852 1140 fixus
872 1088 904 1140 in
923 1087 1087 1155 silentium,
1113 1107 1261 1164 gravare,
1280 1089 1384 1144 babere

158 1174 185 1218 rt
202 1163 319 1230 baberi,
338 1163 451 1227 iacere,
471 1161 591 1214 iactabat
608 1159 700 1214 hostis
719 1175 795 1226 esse,
820 1159 992 1224 illaborare,
1018 1161 1109 1214 imbui
1126 1161 1265 1229 aliquid,
1285 1163 1384 1214 immu-

159 1238 240 1303 uire,
265 1236 411 1306 isnpessus,
437 1233 586 1298 incedere,
611 1231 820 1295 incelebratus,
845 1231 985 1297 incitare,
1005 1231 1213 1302 indispositus,
1233 1234 1383 1298 inducere,

159 1309 321 1374 iniensare,
342 1305 464 1372 inoriri,
483 1305 592 1372 insisti,
612 1305 755 1370 intectus,
775 1297 903 1368 intendi,
924 1303 1112 1371 interiectus,
1131 1305 1325 1372 interiacere,
1345 1307 1385 1356 in·

158 1382 311 1446 teriicere,
337 1378 534 1443 intervenire,
561 1377 746 1440 inumbrare,
771 1375 903 1438 libitum,
935 1393 1068 1440 insuere,
1100 1377 1225 1442 mereri,
1254 1395 1383 1440 monere,

158 1453 307 1518 nuntiare,
334 1450 505 1516 obturbare,
530 1465 703 1520 personare,
729 1447 949 1518 perstimulsre,
980 1449 1150 1534 pervigere,
1179 1451 1383 1519 posteri-ibere,

158 1525 356 1598 praecellere,
376 1523 560 1594 praecolere,
581 1521 769 1591 preciosam,
788 1535 956 1590 praeposse,
975 1537 1155 1595 preersgere,
1173 1522 1384 1592 praescribere,

157 1605 303 1670 praestare
321 1604 419 1671 terga,
438 1601 638 1664 praetentare,
659 1591 873 1662 praeumbrare,
893 1592 1084 1662 procumbere
1103 1593 1205 1658 alicui,
1222 1595 1383 1664 proiiceres

156 1685 307 1742 promere,
325 1667 512 1737 proturbare,
530 1665 704 1737 provivere,
723 1663 914 1734 provolvere,
934 1665 1182 1736 qusinquiplicare,
1203 1666 1323 1730 radere,
1341 1685 1383 1718 re·

157 1741 325 1810 demptore,
344 1738 468 1804 referri,
493 1739 643 1804 resistere,
662 1735 824 1802 resolvere,
843 1737 977 1802 reticere,
998 1754 1137 1808 rumpere
1155 1739 1325 1804 semifacta,
1345 1755 1383 1792 se-

157 1821 267 1877 motus,
286 1811 369 1880 sequi
387 1819 467 1866 retro
486 1810 641 1880 capillum,
661 1809 747 1874 situs,
766 1825 919 1882 spargere,
938 1815 1089 1884 stagnare,
1114 1809 1276 1884 suggredi,
1297 1820 1384 1862 strue·

158 1903 205 1948 re,
225 1881 405 1949 subtrahere,
424 1881 574 1947 subvenit,
593 1897 754 1952 superesse,
774 1887 1010 1954 eupershgnare,
1028 1897 1241 1964 superungere,
1262 1887 1382 1943 tentare,

157 1957 301 2021 tolerare,
321 1953 453 2018 trahere,
472 1953 684 2017 transmittere,
706 1949 871 2017 transvehi,
890 1968 965 2005 veno
989 1953 1072 2018 dere,
1094 1953 1223 2018 vincare,
1244 1955 1382 2006 vocitare.

229 2027 343 2082 Verba
369 2045 390 2080 s.
413 2027 544 2080 uocabulo
567 2029 700 2078 treiectus
731 2040 825 2093 neque
848 2023 1001 2079 adversum
1025 2023 1100 2084 ferri
1127 2025 1302 2100 ingruentia
1329 2026 1384 2078 tels

158 2105 293 2172 poterant
318 2099 433 2166 aquilae
459 2102 491 2164 1,
510 2100 555 2154 di.
598 2096 690 2151 donec
717 2095 902 2168 expugnandi
925 2093 1022 2150 hostes
1039 2114 1089 2166 spe
1108 2097 1232 2167 propius
1251 2097 1383 2150 succede·

158 2179 226 2226 rent
240 2177 265 2236 1,
282 2173 329 2226 67.
357 2167 436 2230 nibil
454 2168 535 2222 bunc
548 2169 677 2222 amicitia
687 2167 794 2234 Seiani,
814 2167 863 2221 sed
876 2167 1011 2222 labefecit
1022 2169 1167 2222 Macronis
1186 2169 1289 2222 odium
1308 2173 1384 2232 6,ae

156 2261 249 2314 neque
267 2249 299 2295 ut
317 2241 436 2296 affectus
453 2241 657 2306 accenderem,
676 2241 727 2294 sed
744 2239 814 2294 veni
832 2240 1030 2310 postulaturus
1054 2241 1091 2294 11.
1111 2245 1143 2308 1,
1162 2244 1208 2297 33.
1247 2241 1293 2296 Gi.
1313 2246 1385 2296 Ans-

160 2315 271 2388 stropbe
292 2322 321 2368 et
340 2313 568 2384 praepositiones.

229 2383 426 2440 Verborum
444 2393 586 2442 structum
603 2393 631 2440 et
648 2387 794 2441 collocutio
813 2386 985 2453 insolentior,
1004 2403 1032 2440 v.
1044 2386 1218 2442 Constructio
1231 2387 1385 2440 uerborum.

229 2458 345 2514 Verba
373 2467 399 2512 et
419 2460 585 2529 praedicata
607 2461 762 2530 singularis
786 2461 897 2512 numeri
920 2463 1016 2512 iuncta
1039 2461 1166 2528 pluribus
1184 2459 1386 2518 Substmetiois‚

157 2533 324 2594 Adiectiois,
353 2531 534 2603 Penelopia,
561 2550 588 2586 v.
608 2531 837 2586 Praedicatorum
863 2539 944 2602 estque
963 2531 1152 2586 Subiectorum
1168 2537 1282 2586 numeri
1300 2539 1327 2583 et
1344 2551 1386 2602 gc·

159 2624 228 2660 nera
246 2606 361 2659 diuersa.

159 2753 174 2804 ¹
205 2677 349 2804 HVprlgg
361 2679 615 2806 ppsroAiisunsonerg'
629 2675 770 2749 iungendo
795 2675 982 2730 Substantiois
1006 2673 1129 2732 mosae
1147 2677 1252 2730 indolis
1272 2679 1309 2734 12
1316 2713 1326 2742 ,
1344 2679 1385 2738 15,

176 2788 183 2802 s
234 2787 240 2802 s
285 2785 293 2815 5
356 2783 365 2812 p
404 2787 412 2802 a
456 2787 464 2804 s
522 2788 529 2804 s
549 2768 579 2804 n.
616 2789 624 2803 0
1305 2787 1310 2798 .

162 2836 164 2844 ’
229 2820 383 2876 Verbum
406 2839 516 2874 unum
538 2823 665 2892 pluribus
683 2821 850 2888 Nominibus
868 2821 1046 2894 membrisque
1063 2824 1205 2892 iunctura,
1233 2821 1313 2892 ,sos
1323 2839 1386 2892 pro-

156 2897 220 2964 prie
239 2897 289 2946 uni
305 2899 417 2946 tontum
435 2912 466 2946 es
485 2896 525 2947 iis
542 2900 676 2961 conuenit,
695 2897 798 2948 omisso
817 2895 894 2958 olio,
913 2911 941 2946 v.
963 2893 1102 2966 syllepsis

230 2965 347 3020 Verba
369 2964 562 3035 simplicis
582 2987 637 3038 pro
655 2971 814 3037 compositis
832 2967 983 3019 insolenter
996 2967 1110 3036 positus
1133 2963 1249 3018 civeret
1264 2983 1322 3035 pro
1340 2981 1385 3018 ac·

159 3037 272 3090 civerat
295 3044 323 3088 et
347 3037 524 3090 excitaverat
553 3041 603 3104 15,
627 3045 671 3096 33.
715 3039 790 3091 citus
814 3046 901 3092 vento
928 3037 1007 3112 ignis
1021 3055 1076 3108 pro
1094 3037 1249 3090 suscitatus
1269 3040 1324 3104 15,
1341 3040 1384 3092 38.

160 3109 248 3164 dnire
262 3124 416 3162 nusnorum
431 3126 485 3179 pro
503 3109 626 3164 definire
645 3115 699 3176 13,
718 3113 763 3166 38.
782 3113 825 3166 te.
846 3109 881 3164 G.
901 3113 943 3166 11
963 3109 994 3164 0.
1013 3113 1058 3164 38.
1096 3109 1216 3162 firmare
1230 3125 1291 3178 pro
1309 3109 1384 3162 affir-

159 3199 238 3236 mare
258 3183 353 3244 1.81.
372 3183 406 3246 1,
426 3185 469 3236 11.
489 3184 525 3244 6,
543 3187 570 3240 6
589 3185 634 3240 28.
653 3185 698 3238 50.
719 3183 755 3234 11.
776 3183 807 3246 2,
826 3184 853 3240 9.
890 3181 961 3236 dere
979 3197 1081 3236 necem
1098 3198 1151 3250 pro
1169 3179 1282 3236 dedere
1301 3185 1384 3246 6,Ῑο

158 3255 259 3328 lugere
274 3271 329 3323 pro
347 3255 529 3327 transfugere
548 3256 584 3307 H.
603 3257 637 3320 1,
657 3257 700 3310 18.
738 3269 910 3329 gravescere
924 3271 979 3324 pro
997 3253 1200 3328 ingravescere
1221 3257 1258 3312 1,
1277 3256 1304 3310 5.
1344 3253 1386 3304 iu·

159 3334 241 3380 verat
258 3329 292 3390 1,
311 3329 356 3383 61.
394 3325 470 3378 iuvit
489 3325 667 3380 oblivionem
689 3327 732 3393 12,
752 3331 778 3384 3.
804 3324 893 3378 -iutus
907 3343 962 3396 pro
979 3323 1093 3378 adiutus
1110 3329 1145 3391 3,
1163 3326 1209 3380 35.
1247 3325 1385 3380 sollertis

160 3397 219 3452 iuta
239 3403 290 3464 11,
309 3404 336 3456 1.
373 3397 472 3470 legere
489 3417 541 3468 pro
559 3400 659 3469 praele
697 3417 729 3454 re
747 3403 781 3463 3,
799 3401 842 3454 13.
862 3397 896 3450 11.
916 3401 942 3461 1,
959 3399 1005 3454 25.
1042 3413 1161 3452 movere
1175 3413 1231 3466 pro
1250 3414 1386 3452 amovere

161 3473 210 3534 11,
230 3474 274 3527 32.
294 3475 338 3528 60.
372 3488 424 3540 pso
443 3487 625 3525 commovere
673 3477 732 3539 .l,
751 3474 795 3526 26.
834 3486 954 3524 noscere
970 3487 1024 3540 pro
1042 3485 1200 3544 agnoscere
1218 3473 1255 3530 1,
1274 3473 1322 3526 35.
1344 3471 1385 3530 15,

160 3547 205 3600 60.
225 3545 262 3596 11.
282 3547 317 3610 1,
336 3547 380 3599 eo.
415 3562 470 3613 pro
487 3559 664 3630 cognoscere
682 3548 715 3607 1,
732 3548 777 3600 33.
798 3545 849 3608 12,
866 3543 911 3598 21.
930 3545 974 3598 60.
995 3543 1032 3596 11.
1049 3545 1086 3608 2,
1106 3547 1151 3598 10.
1170 3545 1214 3598 37.
1234 3546 1272 3608 3,
1292 3546 1339 3599 21.
1358 3547 1385 3604 1,

160 3619 204 3672 10.
242 3616 321 3669 notio
342 3633 396 3684 pro
420 3632 454 3670 co
496 3616 551 3670 itio
575 3621 609 3682 3,
628 3619 679 3682 59,
699 3621 724 3672 1.
743 3620 777 3681 6,
802 3616 845 3670 12.
892 3613 1027 3668 nuntiare
1041 3631 1095 3684 pro
1113 3613 1286 3669 renuntiare
1305 3621 1341 3680 1,
1359 3617 1385 3670 6

157 3681 450 3826 tibitibi}
468 3691 576 3829 ,1ἷῖ,
592 3687 1020 3831 ,1001001001
1038 3687 1270 3829 tisis
1285 3691 1386 3829 {ggi-

237 3801 244 3814 ι
293 3798 300 3815 s
428 3803 434 3814 s
864 3795 873 3824 p
910 3797 917 3812 s
1018 3797 1025 3812 s
1373 3787 1387 3799 ¹

161 3849 256 3898 mere,
271 3831 438 3902 ‚deprimere
458 3839 484 3886 et
502 3833 670 3902 opprimere
689 3835 837 3898 11,5,1.
856 3833 905 3898 16,
922 3837 950 3890 e.
975 3833 1011 3884 11.
1030 3835 1064 3898 3,
1082 3835 1127 3888 77.
1146 3833 1180 3896 1,
1198 3833 1226 3888 2.
1247 3833 1295 3888 72.
1333 3849 1386 3902 pu·

161 3913 224 3959 tare
244 3923 299 3974 pro
323 3911 492 3973 computare
517 3905 553 3958 11.
572 3909 605 3968 3,
623 3909 650 3962 2.
694 3922 835 3975 quaerere
853 3921 909 3974 pro
935 3903 1112 3972 conquirere
1136 3905 1217 3968 6,1.
1265 3913 1386 3974 quatere

162 3977 289 4032 Morinos
314 3987 343 4032 et
367 3983 494 4030 estresna
522 3976 686 4030 Galliarum
712 3979 746 4032 H.
773 3983 808 4042 1,
826 3979 870 4034 28·
917 3983 1036 4046 quatere
1061 3975 1213 4051 ingenium
1235 3975 1275 4028 11.
1297 3982 1324 4038 1,
1342 3979 1385 4031 53

162 4066 264 4120 repere
281 4068 334 4119 pro
352 4048 485 4118 abripere
502 4051 534 4114 6,
553 4051 598 4104 10.
633 4068 687 4120 pro
704 4051 837 4120 arripere
855 4057 882 4104 et
900 4049 1052 4118 corripere
1071 4053 1106 4112 1,
1124 4053 1169 4102 11.
1189 4051 1223 4113 2,
1244 4053 1292 4105 te.
1313 4049 1348 4101 ll.
1362 4053 1387 4109 1,

67 4171 69 4176 .
163 4127 207 4178 13.
240 4141 295 4192 pro
314 4121 446 4190 diripere
463 4125 513 4184 13,
531 4124 558 4176 6.
578 4121 612 4174 11.
633 4125 667 4188 2,
687 4126 730 4178 12.
749 4123 780 4175 Α.
800 4127 844 4178 30.
881 4138 968 4176 ruere
990 4137 1046 4191 pro
1066 4122 1181 4188 irruere
1201 4125 1235 4188 6,
1257 4123 1305 4178 35.
1344 4137 1386 4174 se·

163 4195 303 4264 derepto
322 4193 453 4250 desidere
473 4196 506 4260 2,
525 4191 569 4250 17.
604 4213 657 4264 pro
676 4195 842 4265 praesidere
869 4198 922 4258 11,
943 4199 986 4248 11.
1030 4194 1113 4264 sequi
1126 4213 1181 4263 pro
1200 4195 1385 4264 persequiti

162 4269 207 4320 35.
243 4265 332 4320 solari
347 4284 402 4336 pro
421 4265 564 4320 consolari
584 4270 637 4330 13,
657 4271 699 4324 19.
721 4272 770 4332 16,
791 4272 833 4324 13.
870 4275 984 4322 struere
997 4284 1053 4337 pro
1071 4267 1217 4338 instruere
1236 4267 1276 4320 H.
1295 4273 1325 4332 1,
1342 4269 1382 4320 21.

156 4355 214 4410 pro
233 4346 379 4392 exstruere
397 4339 491 4400 2,.18.
538 4356 668 4394 suescere
694 4348 720 4392 et
737 4348 834 4395 suetus
848 4359 901 4410 pro
920 4343 993 4412 vulg.
1011 4356 1161 4396 senescere
1179 4347 1205 4392 et
1224 4349 1342 4394 asuetus
1361 4343 1381 4394 1,
