2756 4792
194 245 258 308 424
498 237 721 307 DIALOGUS
742 239 801 304 DE
824 238 1110 304 ORATORIBUS.

198 419 257 476 aut
277 409 366 474 dicat
386 418 444 473 aut
463 411 579 489 faciat,
611 405 742 492 qnando
772 409 871 470 etiam
898 407 964 490 ipsi
994 415 1148 554 parentes
1177 425 1235 469 nec
1256 407 1364 488 probital

197 514 306 576 neque
326 493 504 557 modestiae
525 494 682 578 parvulos
703 491 936 570 assuefaciunt,
959 511 994 554 se
1034 493 1189 560 lasciviae
1207 499 1239 553 et
1251 491 1358 551 libertati

198 597 260 660 per
290 599 374 661 quae
401 579 561 662 paulatim
589 573 795 659 impudentia
821 576 943 658 irrepit
964 583 998 636 et
1019 577 1071 637 sui
1092 576 1253 657 alienique
1271 581 1364 634 conten

198 669 287 743 ptus.
330 661 401 722 lam
428 680 510 724 vero
542 663 681 744 propria
712 667 746 721 et
773 659 955 742 peculiaria
976 659 1078 722 huius
1099 659 1193 720 urbis
1217 659 1289 720 ritia
1304 677 1364 740 paen

199 747 235 806 in
256 752 354 807 utero
375 747 491 806 matris
513 745 644 826 concipi
664 743 748 803 mihi
769 740 939 821 videntur,
961 743 1167 805 histrionalis
1188 745 1275 804 favor
1292 749 1317 799 et
1331 741 1364 823 gla

201 827 369 889 diatorum
398 847 626 911 equorumque
659 824 778 888 studia.
834 825 963 905 Quibus
1000 836 1181 908 occupatus
1209 833 1241 887 et
1266 824 1364 900 obsesso

201 913 332 973 animus
354 913 550 994 quantulum
570 911 633 972 loci
652 909 747 972 bonis
769 909 898 970 artibus
920 911 1099 992 relinquit?
1143 907 1282 990 Quotam
1299 925 1364 988 φιειι

201 1013 266 1076 que
287 997 476 1074 inveneris,
509 995 568 1077 qui
590 992 679 1054 domi
700 993 878 1075 quicquam
898 991 990 1054 aliud
1010 995 1190 1076 loquatur?
1233 991 1308 1070 Quos
1325 989 1364 1048 alio

203 1075 523 1141 adolescentulorum
549 1095 717 1140 sermones
750 1077 950 1159 excipimus,
985 1079 1013 1137 si
1036 1075 1167 1158 quando
1188 1074 1332 1138 audituris
1347 1073 1364 1136 il

201 1163 388 1224 tranimus?
422 1161 493 1224 Nec
514 1171 746 1245 praeceptores
767 1158 901 1242 quidem
922 1160 1005 1222 ullas
1026 1161 1214 1222 crebriores
1236 1179 1300 1220 cun
1315 1152 1364 1218 aad

200 1246 331 1306 toribus
362 1249 431 1308 suis
458 1245 585 1308 fabulas
610 1247 741 1307 habent.
792 1243 959 1328 colligunt
980 1246 1067 1306 enim
1089 1242 1265 1326 discipulos
1284 1259 1335 1300 non
1350 1255 1364 1300 sl

200 1333 343 1392 veritate
373 1329 565 1414 disciplinae
586 1331 702 1391 necin
726 1329 793 1391 enii
815 1331 1059 1410 experimento,
1091 1325 1149 1390 sed
1177 1328 1364 1390 ambitiones

201 1415 400 1480 lutationum
428 1425 461 1478 et
491 1413 657 1476 illecebris
679 1349 886 1474 adulationis.
929 1410 1079 1474 Transeo
1100 1414 1210 1496 prima
1232 1408 1364 1494 decentio

202 1501 389 1580 elementa,u
412 1503 447 1561 in
477 1501 598 1584 quibus
628 1507 661 1562 et
684 1500 766 1580 ipsis
786 1517 904 1581 parum
925 1497 1123 1559 elaboratur.
1167 1494 1240 1558 Nec
1259 1497 1289 1554 in
1306 1499 1364 1556 ancl

201 1583 297 1646 ribus
319 1582 571 1671 cognoscendis,
593 1603 654 1644 nec
675 1584 710 1643 in
731 1579 912 1645 evolvenda
932 1582 1150 1663 antiquitate,
1172 1599 1234 1641 nec
1253 1581 1285 1640 in
1301 1575 1364 1650 notit

200 1669 255 1730 vel
283 1687 399 1730 rerum
425 1669 478 1732 vel
499 1669 672 1730 hominum
700 1667 753 1730 vel
782 1674 971 1748 temporum
992 1665 1071 1727 satis
1091 1683 1214 1748 operae
1234 1664 1364 1726 insanin

202 1749 261 1814 sed
282 1760 499 1836 expetuntur,
521 1770 604 1835 quos
626 1751 774 1812 rhetoras
794 1757 924 1812 vocant.

273 1907 298 1958 1.
335 1904 375 1958 At
393 1923 467 1960 nunc
483 1910 569 1957 natue
586 1902 686 1973 insane
704 1902 845 1974 delegatur
864 1903 1010 1957 Graeculae
1029 1905 1118 1957 alicui
1134 1905 1255 1956 ancillae
1273 1907 1320 1952 cet.
1336 1915 1364 1960 u,

204 1973 239 2027 G·
258 1979 304 2032 20.
323 1994 352 2028 n.
371 1979 398 2032 2.
427 1985 456 2030 et
474 1975 509 2030 de
528 1993 557 2028 m
598 1991 635 2028 no
652 1973 783 2042 honore,
819 1975 852 2027 in
871 1992 928 2044 quo
947 1977 1055 2030 Rornae
1074 1985 1145 2029 tnnc
1164 1973 1300 2046 temporis
1315 1969 1364 2030 (lul

204 2055 304 2112 eraut,
339 2050 389 2117 qni
416 2049 491 2102 illuc
519 2065 575 2102 con
598 2046 704 2102 nebant
722 2047 882 2117 quibusque
903 2055 933 2101 et
950 2049 1096 2102 institutio
1115 2049 1277 2102 liberorum
1295 2057 1364 2118 comrq

203 2119 331 2186 tebatur,
360 2121 488 2176 luvenal.
515 2125 551 2186 3,
577 2121 709 2178 61—85.
734 2123 768 2186 6,
792 2123 846 2176 187
860 2137 919 2189 seq.
948 2123 1002 2192 293
1018 2139 1060 2191 sq.
1089 2125 1178 2194 ml
1191 2139 1234 2190 sq.
1262 2123 1293 2185 8,
1315 2117 1364 2188 198,

204 2192 352 2246 Graeculae
372 2193 577 2262 contemptim,
600 2201 634 2244 ut
652 2209 696 2262 ap.
717 2193 844 2246 luvenal.
864 2197 895 2255 3,
914 2195 957 2249 78.
977 2197 1008 2260 6,
1029 2197 1089 2251 186.
1110 2194 1147 2247 al.
1167 2222 1204 2233 —
1236 2209 1302 2246 anas
1318 2195 1364 2262 art,

202 2272 263 2326 ter,
284 2283 311 2318 v.
330 2263 366 2317 ad
385 2283 410 2318 c.
428 2269 472 2322 21.
492 2283 520 2317 ιι.
540 2267 616 2321 2.-
635 2268 786 2320 vilissimus
804 2265 1051 2320 Put.1tiv.1then.
1072 2274 1131 2320 tres
1151 2273 1179 2319 et
1191 2263 1302 2320 deiude
1319 2271 1364 2318 om

201 2339 354 2392 vilissimos
372 2337 417 2392 ed.
436 2356 482 2410 pr.
502 2341 670 2392 utilissimus
687 2337 752 2392 Ber.
773 2368 806 2380 -
825 2341 984 2392 ministeria
1002 2339 1075 2394 bene
1094 2346 1124 2393 et
1142 2339 1232 2392 tacite
1251 2335 1326 2390 dedit
1341 2325 1364 2412 ll

204 2425 219 2462 e
239 2427 263 2464 c.
284 2409 369 2464 Farn.
389 2428 416 2464 v.
437 2411 471 2464 ad
491 2427 516 2464 c.
539 2415 563 2465 1.
583 2428 612 2462 n.
632 2414 659 2466 3.
696 2413 826 2465 minister
846 2411 909 2464 edd.
930 2419 987 2466 vet.

274 2503 301 2557 2.
339 2501 445 2554 Horum
457 2499 584 2572 sabulis,
607 2517 636 2553 r.
657 2499 693 2552 ad
712 2517 775 2571 cap.
796 2501 821 2556 2.
841 2519 870 2554 ιι.
889 2503 916 2556 2.
935 2529 972 2542 -
1006 2501 1160 2563 amoribus,
1186 2499 1285 2570 pravis
1303 2495 1364 2558 india

203 2571 304 2626 Germ.
327 2572 516 2639 Vorartltetle5
536 2571 643 2626 sellula.
680 2573 775 2626 immo
802 2573 928 2642 peccatis
955 2582 985 2628 et
1006 2575 1104 2628 vitiis:
1136 2591 1206 2626 nam
1235 2567 1364 2637 verbosa}

203 2645 395 2715 respondent,
414 2649 467 2704 Dr.
485 2675 523 2686 -
553 2645 621 2716 qaid
644 2663 738 2700 coram
764 2645 877 2716 infante
895 2649 1008 2700 domino
1027 2655 1078 2700 aut
1095 2647 1171 2701 dicat
1190 2655 1242 2700 aut
1254 2645 1364 2716 saciata

204 2717 335 2771 lurensl.
357 2723 407 2785 14,
426 2723 463 2774 44
472 2735 521 2788 sq.
544 2717 657 2788 infante
675 2721 804 2780 domina,
821 2719 1026 2786 filiofamilias,
1046 2720 1165 2773 domino
1184 2737 1207 2773 s.
1227 2717 1300 2772 bero
1317 2715 1364 2768 mil

202 2789 253 2843 vel
271 2790 343 2846 olbn
362 2794 477 2856 turture,
504 2789 604 2846 Germ.
621 2792 723 2864 jungar
741 2790 832 2853 Herr,
859 2799 893 2844 nt
912 2809 957 2862 ap.
979 2792 1271 2859 luvenal.1ll,169.
1297 2798 1323 2843 et
1338 2787 1364 2840 Pl

204 2861 286 2930 Gapt
306 2863 384 2932 prol.
403 2881 430 2916 v.
452 2866 495 2918 18.
514 2891 551 2904 -
582 2866 691 2934 quaeda
709 2867 794 2918 etiam
813 2867 869 2935 ipsi
882 2873 1013 2934 parentes
1032 2873 1085 2919 cet.
1123 2865 1167 2918 Gi.
1196 2865 1264 2918 loca
1286 2855 1364 2932 praed

95 2956 98 2961 ·
204 2935 554 3001 luvenal.1d,1-255.
587 2935 710 3001 Quintil.
731 2941 763 3004 1,
782 2938 818 3003 2,
837 2940 863 2992 6.
902 2936 967 2992 San.
996 2937 1032 2994 de
1051 2937 1095 2990 ira
1112 2940 1156 2994 22Ἰ
1178 2954 1224 3008 ep.
1245 2939 1292 2993 97.
1327 2929 1364 3004 qud

205 3022 304 3060 omnes
324 3007 386 3060 edd.
406 3007 506 3073 (etiam
525 3007 628 3076 Lipsii,
647 3009 699 3078 qui
719 3009 798 3063 idem
815 3007 894 3062 haud
912 3009 998 3064 dubie
1017 3010 1050 3062 in
1068 3027 1094 3062 c.
1107 3010 1197 3063 Fara.
1213 3008 1364 3079 reperit)p

204 3085 253 3130 ter
270 3079 438 3132 novissimas
462 3078 543 3133 Seeb.
569 3079 621 3133 Dr.
649 3081 693 3134 Os.
714 3082 760 3135 Or.
782 3081 888 3150 quiex
907 3081 984 3136 MSS.
1004 3083 1066 3136 Vnt.
1086 3082 1264 3136 substituere
1283 3075 1364 3152 quial

205 3149 257 3202 lud
276 3168 312 3204 ex
331 3167 425 3221 comp.
445 3151 530 3204 scrib.
550 3170 587 3222 qn
607 3169 675 3206 cum
693 3153 746 3206 lin.
767 3161 866 3206 ortum
887 3153 982 3208 videri
1001 3161 1115 3225 potest,
1144 3154 1195 3207 sed
1214 3155 1332 3224 aptius,
1363 3169 1364 3210 l

204 3239 319 3352 lulli
338 3240 393 3336 ⁰1¹³
394 3223 598 3350 ‘lttttt‘tl‘
601 3226 1159 3354 1212.’Μίιῖῗὲἳιὶῗῑὶᾷῐηῗιῖἷῐ
1170 3215 1364 3354 ”libelli

206 3333 307 3421 certate·
320 3337 457 3436 dicendi,
478 3369 618 3439 quicquid
635 3315 831 3436 reteldus.
850 3371 920 3426 obss.
934 3317 1009 3438 3,pl.
1031 3373 1100 3425 coll.
1121 3315 1187 3426 quu
1200 3317 1247 3442 pp
1255 3373 1364 3452 Guelq

207 3439 291 3494 Ovid.
311 3441 380 3495 Met.
401 3447 435 3510 1,
455 3443 516 3498 757.
537 3449 566 3497 et
584 3441 702 3498 Terent.
722 3443 797 3497 Eun.
818 3447 966 3512 3,1,so.
1003 3443 1132 3499 Libertas
1152 3452 1196 3498 est
1215 3445 1296 3512 eius,
1316 3461 1364 3520 quo

152 3540 155 3556 ·
204 3519 287 3585 penei
309 3513 403 3580 tahar,
437 3517 507 3586 quid
528 3517 619 3582 dicat,
654 3524 684 3572 et
707 3515 780 3570 bene
804 3523 866 3568 tum
891 3517 1052 3588 opponitur
1075 3519 1229 3571 modestiae
1257 3519 1292 3571 in
1310 3517 1364 3580 dict

103 3639 113 3652 ,
207 3595 272 3639 tum
291 3591 421 3642 lasciviae
439 3587 588 3663 iungitur3
621 3589 678 3642 nisi
703 3588 801 3658 potius
819 3585 848 3640 h.
869 3589 889 3642 l.
919 3591 1051 3644 hariolae
1070 3598 1097 3644 et
1115 3593 1248 3644 libertate*
1266 3593 1364 3662 prole

208 3660 336 3714 libertate
355 3660 464 3713 dictum
484 3677 606 3713 censeas.
644 3663 689 3715 lta
712 3659 849 3715 Schneid.
878 3662 949 3716 obss.
969 3661 1001 3715 iu
1020 3663 1086 3716 Tac.
1106 3679 1136 3733 p.
1155 3667 1198 3717 11.
1236 3663 1284 3716 Cf.
1304 3661 1364 3734 luds

208 3750 237 3783 v.
259 3733 462 3804 Headiadyoia.
505 3731 634 3786 Libertas
654 3741 682 3787 et
699 3737 814 3788 licentia
833 3751 876 3804 ep.
898 3735 959 3788 Cic.
979 3734 1064 3788 acad.
1084 3739 1117 3802 4,
1137 3740 1181 3792 3⁰.
1201 3737 1364 3810 coniungor

208 3807 262 3858 Dr.
297 3807 382 3858 quta
400 3805 584 3858 collocantur
606 3806 695 3858 etiam
714 3824 731 3859 a
748 3805 815 3858 Tac.
836 3805 872 3859 li.
892 3811 1058 3878 2,1opr.,
1089 3807 1140 3862 sed
1158 3807 1214 3862 sibi
1235 3821 1364 3878 opponat

213 3878 259 3930 Oe.
296 3879 423 3930 libertate·
441 3877 504 3931 edd.
524 3885 581 3931 vet.
601 3885 630 3930 et
648 3895 707 3932 rec.
726 3894 817 3948 paene
837 3893 947 3933 ornnes.
986 3881 1028 3934 cf.
1057 3879 1095 3932 ed
1120 3898 1145 3932 c.
1164 3885 1209 3935 40.
1231 3897 1264 3935 n.
1284 3883 1313 3937 2
1349 3880 1364 3934 b

123 3985 127 3994 ·
209 3953 269 4002 tate·
291 3957 373 4003 vetus
400 3949 443 4002 ed.
471 3949 551 4020 Lips.
595 3947 645 4003 Sic
671 3950 814 4004 Venerem
841 3957 869 4004 et
893 3949 1040 4005 Bacchum
1069 3952 1154 4027 iungi
1177 3961 1293 4023 putant
1321 3963 1348 4006 et

211 4023 311 4092 queri,
342 4021 420 4090 quod
446 4023 531 4092 pueri
559 4021 648 4076 serris
667 4020 833 4090 οἱνολήπτοις
851 4023 1012 4078 tradantur.
1050 4029 1195 4079 vivacitate·
1226 4034 1260 4080 et
1286 4029 1364 4100 lequel

212 4095 289 4148 coni.
309 4093 440 4170 Rnlgers.
462 4095 728 4160 varrlect.5,12.
759 4102 788 4148 et
806 4095 935 4162 Oudend.
955 4095 992 4150 ad
1012 4095 1092 4151 Suet.
1113 4097 1215 4151 Claud.
1238 4102 1288 4155 38.
1329 4095 1364 4170 lll

210 4183 278 4220 men
297 4183 354 4220 vox
373 4183 522 4235 nunqnam
548 4167 580 4218 in
604 4167 676 4220 vitio
699 4167 838 4238 ponitur,
869 4169 978 4223 nedum
1004 4176 1038 4220 ut
1060 4173 1210 4224 modestiae
1241 4171 1284 4224 sit
1314 4173 1364 4224 adt

210 4239 261 4292 sed
279 4245 328 4293 aut
347 4247 466 4292 naturae
485 4238 631 4314 indolem,
664 4247 714 4292 aut
736 4239 917 4296 alacritatem
940 4241 1055 4316 ingenii
1081 4242 1260 4314 corporisve
1287 4217 1364 4320 sigtd

212 4313 298 4365 Gran.
316 4313 337 4364 l.
353 4313 373 4365 l.
394 4315 523 4366 licentiae
540 4311 665 4365 malebat
684 4309 826 4367 Sohund,
847 4322 876 4368 et
893 4313 1042 4368 dicacitate·
1059 4315 1281 4370 substituerunt
1303 4315 1364 4388 Btpl

211 4383 260 4437 Ob.
287 4383 376 4438 Bekk.
403 4384 477 4438 Liin.
512 4383 580 4452 quia
614 4384 750 4438 dicacitas
777 4385 815 4440 sit
840 4404 936 4442 serino
960 4405 1027 4440 cum
1053 4388 1114 4442 risu
1140 4388 1262 4457 sliquos
1294 4391 1364 4444 inca
