2770 4792
467 199 610 264 curor
630 199 721 264 xvi.
1068 177 1072 188 '
1148 203 1208 266 ιιι

37 363 115 430 lirici.)
128 367 270 438 plerique,
291 367 452 438 permulti,
473 383 554 420 arma
571 375 708 426 tenermt,
726 366 904 433 retinerent,
924 366 1034 421 bellum
1053 367 1207 420 continna-

35 449 79 490 ιιι).
101 458 123 492 ι.
140 439 176 492 ad
193 441 267 493 Αιιιι.
286 441 323 506 2,
342 444 393 504 34,
415 445 439 493 1.
459 444 492 504 3,
512 443 556 494 28.
576 448 605 492 et
622 444 655 506 3,
674 443 717 495 35.
744 467 780 478 -
809 458 874 509 quoe
893 442 1061 492 conicientia
1079 439 1208 508 desectio-

34 517 61 562 n'e
74 519 93 562 et
105 515 213 582 propina
232 533 263 566 ex
283 515 376 584 legato
394 517 480 566 timor
498 513 642 583 agitabat,
661 511 853 577 sollicitabat,
873 511 1003 587 angebat.
1024 512 1068 566 Gi.
1087 513 1123 565 ad
1131 513 1205 566 Anu.

35 588 55 646 l,
66 585 105 650 29,
119 587 144 639 2.
181 590 311 656 propius,
329 585 436 660 magis,
456 585 562 638 maiori
581 585 798 638 sollicitudine:
827 585 893 654 plue
918 585 1060 638 timebant
1078 585 1206 660 legatum

32 655 101 723 ipsun,
117 658 195 710 cuiue
215 659 399 712 acerbitatem
418 665 447 711 et
465 658 661 732 arrogantiam
679 656 819 710 sciebant:
838 660 973 727 propiora
990 665 1085 710 autem
1106 657 1208 728 exqui-

32 729 65 780 site
78 727 221 796 dicuntur,
248 748 321 800 quae
343 729 437 806 magis
463 729 498 782 ad
524 747 574 784 nos
601 729 751 800 pertinent
769 729 897 798 adeoque
915 731 1008 804 magis
1027 746 1078 783 nos
1097 730 1208 784 sollici-

33 807 82 866 aa,
102 811 128 854 nt
150 803 234 856 Ouid.
261 805 326 856 Met.
354 807 403 868 13,
433 805 494 858 578.
530 807 646 872 propior
669 820 756 868 cura,-
779 801 850 855 Ern.
885 805 1018 872 propius,
1043 803 1208 869 studiosius,

31 873 100 924 mori
122 893 210 940 cura,
236 875 472 946 angelegentiicit3
497 873 622 946 Ephem.
650 873 742 927 schol.
768 874 894 928 Darmsl.
926 893 942 927 a
968 877 1058 934 1825..
1075 876 1207 950 (paedeg.

32 941 101 1010 philol.
117 965 142 1017 p.
163 951 241 1013 346.)
260 947 329 1002 coll.
349 949 461 1002 Meiner
480 949 597 1002 Uebers.
617 947 643 1000 d.
664 947 714 1002 lat.
734 947 842 1000 Partik.
862 965 892 1017 p.
911 950 973 1004 396.
1010 949 1129 1014 „Immo
1143 967 1210 1018 pro·

29 1019 69 1081 pus
83 1017 113 1070 id.
130 1019 179 1089 qd.
200 1021 292 1096 magis
311 1038 346 1074 ex
364 1019 547 1091 propinquo,
573 1036 631 1089 quo
650 1037 735 1073 sensu
753 1019 874 1090 proprio
893 1020 1022 1076 absolute
1040 1021 1162 1091 ponitur
1182 1027 1209 1076 et

33 1088 106 1142 ldiect.
123 1099 149 1145 et
168 1091 239 1146 Adv.
272 1112 299 1146 v.
320 1093 382 1145 1an
403 1095 462 1146 Il.'’
488 1091 592 1146 Waicb.
626 1095 744 1162 propius
770 1109 794 1144 c.
820 1093 881 1146 Vat.
901 1097 981 1150 3429.
1010 1101 1038 1148 et
1063 1093 1125 1147 edd.
1146 1095 1208 1146 Put.
1313 1113 1317 1136 ι

32 1159 136 1216 illabor.
156 1163 248 1218 llben.
270 1171 295 1220 1.
328 1170 463 1236 propriae
482 1165 546 1219 edd.
566 1163 656 1218 Rhen.
675 1167 702 1219 2.
715 1169 740 1220 3.
761 1172 790 1218 et
808 1165 862 1218 rel.
883 1173 950 1219 ante
959 1167 1031 1219 Ean.
1053 1166 1132 1236 quod
1150 1182 1209 1220 non

30 1233 103 1286 titium
119 1254 274 1306 operarum
294 1256 352 1292 esse
372 1237 557 1304 crediderim,
576 1236 626 1290 sed
644 1237 730 1290 tacite
748 1255 765 1290 a
782 1235 874 1292 Rhen.
895 1237 1006 1292 editum
1026 1247 1055 1292 et
1073 1239 1210 1292 substitu-

30 1313 80 1370 tum,
95 1317 122 1360 ut
138 1310 232 1362 multa
251 1311 324 1377 alia,
344 1311 480 1380 quodque
499 1310 623 1380 probant
640 1310 794 1376 nonnulli,
824 1311 876 1378 qui
903 1317 1001 1364 tamen
1018 1312 1100 1364 varie
1118 1311 1210 1364 inter·

28 1385 161 1446 petatur,
181 1401 208 1434 v.
229 1399 254 1436 c.
275 1383 338 1453 Bip.
357 1384 544 1454 praecipuus,
564 1399 624 1438 non
644 1383 821 1446 communis,
846 1383 923 1458 Eng.
945 1384 980 1436 ob
998 1385 1149 1454 propriam
1167 1384 1210 1438 le·

27 1451 66 1516 gan·
88 1453 236 1520 offensam
266 1455 355 1510 Doed.
382 1456 418 1509 de
440 1455 500 1508 vita
526 1473 590 1522 sua,
622 1455 690 1524 quia
713 1463 843 1508 auctores
874 1455 1048 1510 defectionis
1076 1457 1209 1520 fuerant3

28 1519 103 1576 fluct.
119 1529 277 1598 praecipue
296 1537 325 1583 et
342 1529 463 1598 proprie
482 1527 518 1580 ad
536 1545 565 1580 ee
584 1527 659 1596 ipsos
678 1527 825 1596 pertinens
844 1545 875 1579 ea
892 1530 1002 1598 legato,
1026 1537 1092 1582 auae
1110 1547 1211 1600 quaque

25 1595 116 1649 ιἰιίιιιιάι
133 1601 236 1660 ultore,
262 1608 297 1652 ut
315 1603 466 1662 universe,
496 1602 528 1653 ab
546 1597 709 1668 desectionis
727 1603 940 1664 conicientium
958 1601 1037 1676 Briig
1060 1619 1114 1654 em.
1147 1619 1213 1670 pro-

24 1671 79 1728 ptiae
93 1689 119 1722 ea
135 1673 230 1743 legato
247 1677 334 1726 timor
350 1674 385 1726 ad
406 1669 453 1726 eos¹
471 1673 619 1744 pertinet,
643 1673 694 1742 qui
719 1672 790 1725 alios
817 1671 907 1724 instin
949 1673 1021 1726 endo
1039 1619 1212 1727 {electionis

26 1749 123 1796 ractores
139 1746 266 1808 merant,
286 1763 358 1816 quos
375 1753 493 1815 propria
511 1744 604 1799 adhuc
622 1744 756 1798 manebat
773 1760 875 1814 poena.
934 1745 1062 1799 imiliter
1078 1750 1214 1816 propriae

23 1821 84 1891 nitus
100 1817 169 1871 Anu.
192 1822 221 1886 3,
240 1823 285 1874 67.
304 1820 338 1871 H.
358 1824 393 1883 3,
412 1823 456 1874 38.
477 1825 506 1872 et
522 1821 642 1888 propria
659 1821 719 1880 ira,
737 1815 848 1870 iniuria
867 1816 902 1870 ad
920 1817 1016 1887 ipsum
1034 1819 1128 1872 solum
1146 1836 1213 1890 per-

24 1892 106 1952 imens,
125 1889 200 1942 Ann-
219 1893 254 1954 2,
273 1893 317 1948 55·
337 1896 371 1958 3,
389 1896 434 1948 69.

72 1963 94 2014 d
128 1963 184 2016 Hic
206 1983 290 2034 quum
311 1969 437 2036 egregiae
461 1973 566 2027 cetera,
599 1965 639 2030 (v.
663 1962 699 2016 ad
722 1961 796 2015 Αιιιι.
821 1963 855 2027 6,
880 1964 933 2028 15,
958 1963 999 2028 3.)
1027 1963 1086 2018 dux
1110 1973 1213 2020 natura

22 2040 329 2104 sarracenerum,
355 2037 494 2105 callidus,
520 2037 647 2161 dilqpens
667 2043 695 2090 et
713 2035 878 2090 moderatus
900 2044 1066 2107 arroganter
1088 2043 1118 2092 in
1141 2039 1214 2092 dedi·

23 2107 50 2152 lei
64 2113 127 2171 eei,
147 2109 187 2160 of.
209 2127 270 2179 cap.
291 2111 317 2164 5.
337 2107 410 2162 Ann.
432 2114 479 2176 14,
498 2113 543 2165 38.
592 2111 708 2175 .2,25.
728 2112 772 2163 31.
801 2107 933 2178 agitabat
949 2128 1121 2180 nequaquam
1139 2129 1213 2182 egre-
1272 2113 1278 2128 “

20 2179 64 2240 gin
79 2179 130 2232 118.
150 2181 216 2233 Vat.
236 2183 315 2238 3429.
336 2199 421 2252 supra
440 2183 549 2254 ecripto
568 2201 660 2253 neque.
676 2209 712 2221 -
746 2189 912 2250 arroganter
928 2185 959 2236 in
976 2183 1099 2248 deditae,
1128 2202 1155 2238 v.
1176 2183 1213 2236 ad

22 2263 37 2294 t·
54 2253 74 2302 9.
100 2269 125 2302 ιι.
145 2257 173 2306 4.
213 2253 331 2308 Waleh.
364 2254 440 2308 coni.
497 2255 643 2326 agitabat,
678 2273 729 2313 ne,
768 2265 926 2325 quanquam
955 2259 1086 2326 egregiae
1115 2265 1211 2318 cetera,

21 2325 117 2388 tenen,
146 2344 174 2378 v.
204 2324 241 2378 ad
264 2343 288 2378 c.
316 2329 342 2381 5.
362 2346 390 2380 ιι.
410 2330 449 2394 4.)
469 2335 634 2399 arrogmter
650 2355 685 2368 -
704 2329 859 2380 consuleret.
896 2325 998 2382 Maeui
1022 2333 1107 2382 'itur
1123 2328 1213 2384 Petro·

18 2397 61 2444 aiu
77 2403 126 2448 cet.
165 2397 243 2450 Nam
262 2403 351 2470 igitur
367 2407 433 2470 post
450 2406 549 2454 miscus
568 2401 709 2454 insertum
729 2399 763 2451 in
781 2400 842 2452 Vat.
862 2403 942 2455 3429.
963 2407 992 2453 et
1011 2419 1027 2454 e
1048 2400 1075 2453 d.
1095 2402 1157 2456 Put.
1176 2431 1212 2443 -

18 2483 65 2516 “tro
82 2477 172 2530 ariter,
203 2488 230 2522 v.
251 2471 287 2524 ad
305 2488 330 2524 c.
349 2475 375 2528 9.
396 2491 424 2524 n.
443 2477 467 2528 7.
487 2502 523 2512 —
547 2491 612 2527 euae
635 2489 737 2544 quoque
760 2475 894 2531 iniuriae,
917 2471 987 2538 sibi,
1012 2471 1040 2526 le
1063 2481 1124 2540 ato,
1145 2474 1211 2528 illa-

17 2543 46 2590 tn
100 2559 115 2594 e
140 2543 316 2598 defectione.
338 2563 418 2598 auae
439 2551 548 2616 eiueque
566 2551 585 2599 i.
609 2547 671 2597 Vat.
691 2547 771 2600 3429.
791 2571 827 2582 -
845 2544 940 2597 durius
963 2491 1127 2613 consident,
1159 2547 1213 2600 ali-

16 2613 67 2674 quid
82 2614 253 2669 decerneret
271 2624 300 2670 et
318 2627 540 2685 exsequeretur,
568 2625 685 2692 ageret,
710 2621 739 2670 in
757 2617 878 2676 deditae,
904 2623 937 2668 ut
962 2633 1006 2687 ap.
1031 2617 1094 2671 niv.
1113 2624 1146 2680 3,
1168 2623 1212 2676 36.

16 2683 46 2734 59.
61 2694 125 2738 extr.
145 2691 180 2756 8,
204 2693 247 2743 13.
266 2693 316 2754 39,
335 2693 379 2745 43.
398 2691 450 2756 45,
469 2694 496 2745 8.
519 2719 548 2732 -
569 2697 669 2754 misane
688 2688 827 2742 Petroniua
847 2689 1034 2758 Turpilium,
1052 2708 1080 2743 v.
1100 2691 1163 2744 lnd.
1184 2700 1214 2746 et

14 2757 38 2804 1i.
54 2759 119 2812 dnn.
142 2767 199 2824 14,
224 2765 269 2817 39.
288 2790 324 2802 -
355 2770 381 2815 et
399 2764 505 2817 delictit
523 2763 643 2818 beatium
660 2779 758 2822 novae,
785 2761 836 2830 qui
861 2779 894 2817 oa
919 2777 977 2816 non
1001 2762 1117 2818 viderat
1135 2779 1214 2818 com·

15 2827 88 2893 mitti,
105 2833 174 2886 Em.
199 2851 225 2885 v.
247 2834 283 2886 ad
300 2833 374 2888 ann.
394 2839 429 2898 2,
450 2841 498 2902 14,
517 2838 544 2890 2.
564 2844 593 2890 et
611 2838 648 2900 2,
667 2838 721 2901 64,
740 2840 766 2890 3.
803 2838 852 2904 qui
868 2849 923 2905 pro
942 2843 968 2888 et
985 2835 1142 2909 legendum
1159 2855 1214 2908 pu·

13 2898 67 2952 etat
84 2904 164 2958 Pieli.
188 2911 218 2958 et
236 2911 262 2959 ia
280 2907 351 2962 Ern.
389 2907 466 2974 „Sed
486 2909 517 2960 in
535 2907 674 2961 viridiori
693 2907 833 2960 orationis
852 2907 975 2960 transitu
988 2917 1014 2963 et
1021 2909 1142 2980 ponitur
1158 2927 1213 2981 pro

12 2974 344 3049 1111ς.ἰεςιιι,ιιῑο.29.
370 2989 396 3035 ei
413 2985 443 3034 in
462 2983 536 3034 luctu
555 2981 653 3036 bellum
672 2985 744 3033 inter
761 2979 880 3034 remedia
904 2989 980 3042 erat,
1010 2981 1086 3034 Ann.
1105 2984 1141 3048 2,
1167 2985 1213 3040 28.

12 3053 170 3103 arantur
191 3049 303 3111 Patrae,
321 3056 357 3113 2,
384 3055 427 3110 57.
456 3061 482 3107 et
506 3061 579 3114 erat,
606 3061 637 3105 ui
664 3055 762 3113 retuli,
785 3053 959 3116 clementior,
992 3055 1027 3106 H.
1047 3057 1141 3114 2,16.
1177 3055 1215 3108 Et

12 3129 77 3174 uerat
91 3133 206 3194 repente
223 3129 322 3178 artimi.
360 3123 403 3178 Gi.
424 3125 813 3194 Ruhnk.atVe11.p.et.”
837 3125 943 3179 Walcb.
980 3132 1057 3182 nocie
1076 3127 1133 3181 MS.
1149 3129 1210 3181 vat.

12 3191 121 3248 1193-
141 3216 228 3268 eoque
243 3203 428 3266 poenitudine
444 3203 555 3258 mitior,
580 3197 717 3251 adversus
744 3197 937 3266 poenitentes.
977 3199 1019 3252 cf.
1039 3199 1075 3252 ad
1092 3201 1165 3253 Ann.
1187 3205 1213 3268 1,

12 3264 79 3323 161,
98 3273 132 3336 2,
157 3275 211 3334 14,
230 3271 258 3324 2.
277 3271 309 3336 2,
328 3274 377 3336 64,
396 3276 422 3326 3.
446 3300 482 3310 -
509 3275 669 3340 compositio
686 3271 825 3339 prioribue
840 3269 1059 3331 ,Britannorum
1077 3273 1224 3340 motibusfl

12 3340 83 3392 :urbia
104 3372 142 3382 —
170 3341 307 3395 Trebellio
326 3341 447 3396 Maximo
479 3351 532 3396 cet.
554 3345 591 3396 cf.
612 3343 648 3394 H.
670 3347 704 3403 1,
723 3346 766 3397 69.
787 3351 815 3396 et
832 3343 865 3408 2,
885 3345 929 3399 55.
948 3371 985 3384 -
1010 3346 1094 3398 nullia
1112 3353 1215 3400 caetra-

12 3423 49 3462 un
73 3414 231 3482 (militiae)
257 3420 442 3484 experimentie
468 3432 524 3484 pro
543 3416 623 3489 vulg.
642 3417 722 3468 nulla
740 3423 894 3468 canorum
910 3421 1085 3485 experientia,
1108 3417 1213 3472 Waiab.

12 3477 33 3532 ff.
50 3485 110 3540 lnd.
130 3487 194 3540 111.
216 3505 244 3540 v.
263 3487 389 3541 Ablata-t
405 3491 559 3561 qualitatis.
587 3489 680 3542 nullus
699 3487 761 3540 edd.
782 3487 872 3540 Gron.

56 3561 78 3611 4.
117 3563 260 3614 comitate
281 3561 398 3631 quadam
425 3561 541 3614 curandi
562 3564 732 3630 provinciam
755 3565 859 3619 tenuit,
888 3557 956 3612 dum
982 3559 1103 3614 lenitate
1122 3559 1214 3614 dulcis

12 3633 33 3674 et
49 3647 112 3706 erga
131 3632 342 3706 provinciales
361 3650 518 3702 eorumque
536 3650 666 3687 amorem
684 3647 798 3686 morum
817 3631 904 3685 etiam
918 3632 1057 3687 facilitate
1076 3635 1215 3703 etrcomi-

12 3707 274 3774 depromeretur,
296 3704 370 3760 Viri.
396 3707 439 3760 cf.
460 3705 496 3758 ad
514 3706 587 3759 Ann.
607 3709 638 3772 2,
658 3707 706 3771 34,
728 3709 752 3759 1.
774 3712 803 3758 et
821 3703 882 3758 lnd.
902 3705 956 3758 lll.
976 3723 1003 3758 v.
1026 3705 1112 3760 Verba
1123 3711 1215 3777 simpl.

12 3789 38 3824 *a
53 3783 232 3849 campoeitie.
270 3781 582 3850 cantipratanum,
601 3795 629 3830 v.
649 3777 685 3830 ad
702 3775 777 3830 Ann.
796 3781 828 3845 4,
847 3779 891 3832 36

54 3853 78 3905 5.
114 3858 269 3924 ignoscere
286 3849 448 3916 Trebellio,
462 3851 517 3924 ¹vel
536 3851 673 3904 absolute.
693 3868 720 3902 r.
741 3849 777 3903 ad
797 3867 820 3903 c.
839 3852 884 3906 32.
905 3865 933 3902 n.
952 3851 978 3904 6.
1016 3850 1215 3907 blandientibue

12 3923 60 3974 iiiii
77 3927 140 3979 eius
161 3924 223 3978 vel
241 3923 315 3988 otio,
335 3925 407 3978 luxu
426 3933 455 3978 et
473 3923 679 3993 voluptatibus,
699 3939 772 3991 quae
792 3939 854 3991 cap.
873 3923 918 3976 21.
937 3921 1117 3980 delenimenta
1133 3929 1215 3980 aitio-

12 4007 46 4044 ιιι
62 3995 224 4048 dicuntur.
261 3995 353 4048 ttinus
372 4005 438 4068 apte
456 3995 507 4048 iun
549 4004 618 4048 ntur
636 3999 774 4065 ignoscere
792 3999 869 4048 vitiis
886 3995 1099 4058 blandientibus,
1118 3997 1214 4071 segni·

12 4063 41 4117 iae
62 4077 88 4120 et
118 4069 241 4123 nimiae
267 4067 382 4121 lenitati
406 4067 513 4123 Trebel
530 4069 565 4134 '',
593 4067 661 4138 quia
684 4065 753 4121 inde
777 4069 858 4121 molle
884 4073 1041 4131 seruitium,
1059 4071 1094 4122 ll.
1114 4073 1149 4134 4,
1168 4071 1212 4124 57.

12 4135 31 4184 :t
47 4159 100 4210 seq.
122 4151 154 4196 et
176 4142 219 4194 H.
241 4145 270 4200 1,
289 4144 332 4196 60.
351 4169 387 4182 -·
406 4147 570 4196 interemtae
587 4143 709 4194 civilium
727 4159 882 4202 armorum,
905 4141 1070 4207 bellorum,
1091 4143 1131 4206 (r.
1150 4141 1212 4194 Ind.

12 4205 28 4262 l·
44 4219 69 4266 ei
85 4215 121 4268 ad
140 4213 231 4268 Ann.
251 4217 284 4278 1,
303 4215 337 4276 2,
356 4219 395 4278 1.)
412 4215 540 4284 praebuit
558 4219 661 4267 iustam
679 4219 812 4284 eegrtuiae
830 4220 1045 4268 excusationem:
1064 4213 1214 4267 excusabat

12 4299 18 4332 Ξ
33 4285 201 4342 Trebellius
224 4284 290 4338 ideo
310 4302 368 4340 non
386 4285 493 4342 ducere
511 4287 543 4340 in
561 4285 683 4349 bostem,
702 4303 739 4339 ne
757 4285 845 4339 simul
863 4286 947 4339 civili
966 4295 995 4340 et
1013 4293 1132 4340 externo
1151 4285 1212 4338 bel-

12 4369 183 4435 augeretur
196 4357 362 4428 imperium
373 4367 401 4414 et
420 4361 496 4436 vires
514 4353 726 4424 attererentur3
748 4358 823 4414 Vtra
835 4387 870 4400 -
888 4359 1027 4413 daromae
1045 4357 1211 4417 laboratum,
