2792 4792
1169 135 1189 172 Β

191 209 253 274 114
542 197 718 262 LIBELLI
740 196 798 260 DE
821 193 1056 262 emittitis

190 371 266 426 iiess.
303 375 354 422 uret
371 366 474 422 milido
492 363 554 420 cod.
572 369 630 420 ret.
651 361 747 416 Grosl.
766 361 847 432 quod
864 361 1065 433 recipiendum
1083 361 1203 428 inisset,
1236 361 1260 416 si
1277 363 1395 420 meliori·

191 445 242 496 bus
261 441 346 495 libris
365 439 601 503 confirmaretur,
622 435 694 490 Perse.
733 433 776 489 cf.
797 434 833 488 sd
850 434 924 488 Ann.
946 439 981 502 1,
999 437 1050 501 32,
1067 438 1094 492 2.
1114 463 1152 478 -
1178 431 1264 488 adduc
1279 435 1395 506 duplici·

191 525 238 570 ter
261 515 334 568 licet
356 510 562 582 interpretari,
597 509 646 563 vel
674 511 801 577 insuper,
830 509 932 568 etiarn,
965 507 1013 561 rel
1037 525 1110 562 nunc
1134 525 1250 579 quoque,
1280 509 1395 563 nonduin

191 583 508 652 edocte(s1iornnnis)
537 589 613 636 artes
631 579 834 634 dissimulandi
857 587 886 634 st
911 579 1041 652 fingendi
1068 580 1143 646 slis,
1181 597 1265 650 qusm
1286 581 1395 644 sentiet,¹

192 661 261 714 Erre.
299 658 441 712 Posterius
458 656 544 708 unice
562 671 664 708 rerum
683 652 800 707 videtur
816 653 888 706 Psss.
914 653 980 722 (qui
999 653 1108 723 optime
1127 650 1206 706 huno
1223 653 1313 708 locum
1331 653 1395 708 illu·

191 732 279 786 strsri
298 737 380 802 putat
398 728 547 800 prooemio
565 726 735 851 Api-inolere)
755 723 848 810 pilu.
868 733 898 780 et
917 727 996 780 iiess.
1025 723 1100 778 mihi
1126 741 1196 780 vero
1219 727 1308 796 prius:
1336 744 1395 780 narn

190 805 277 860 verbs
303 803 481 874 aperit-ioci
505 800 541 853 sd
564 815 625 854 sos
652 797 786 852 convivis
813 805 962 868 spectent,
995 797 1027 850 in
1054 797 1158 867 quibus
1183 797 1294 852 condita
1316 815 1395 852 veras

190 877 288 948 sperit
311 874 481 946 praecordis
508 872 596 926 Liber
620 871 733 941 (Horat.
760 871 817 925 Sat,
838 875 873 938 1,
898 873 933 936 1,
957 870 1018 936 89.)
1046 872 1197 940 msiorque
1224 879 1264 924 est
1290 873 1395 924 licentio

191 952 266 1010 ioci,
302 965 358 1017 qua
375 963 478 1000 verum
497 943 624 1008 dicitur,
660 943 770 1012 duplex
787 959 858 998 vero
877 942 906 996 b.
926 943 947 998 l.
967 941 1090 996 effertur
1107 960 1204 1010 osuss,
1236 959 1285 996 cur
1301 945 1395 998 detecte

189 1025 232 1076 eit
248 1028 277 1073 et
295 1020 369 1074 reu&
387 1022 512 1072 omnium
530 1011 620 1076 mdis,
652 1017 767 1087 prims,
797 1015 875 1084 quod
900 1033 968 1086 gens
987 1034 1044 1069 nore
1062 1023 1159 1070 astuta
1176 1033 1225 1069 nec
1241 1017 1336 1070 cellisio
1358 1018 1392 1071 sit

190 1095 297 1158 alters,
324 1091 441 1158 (adbuc,
466 1093 631 1160 praetereo)
657 1087 733 1158 quod
758 1089 790 1142 in
815 1088 958 1142 conviviis
984 1090 1096 1157 operiat
1118 1095 1222 1142 secreto
1235 1093 1354 1158 pectoris
1373 1093 1394 1142 ii

190 1169 283 1220 ceretis
301 1167 358 1218 ioci
374 1172 403 1218 et
422 1165 567 1223 deliberet,
593 1163 656 1214 dum
670 1163 779 1232 fingere
797 1164 910 1214 nesciat.
948 1161 1024 1214 Hine
1044 1162 1130 1214 etiarn
1148 1167 1214 1231 post
1232 1163 1328 1216 callida
1349 1164 1395 1214 mi·

190 1238 257 1292 nori
274 1237 457 1291 distinctioni
476 1235 616 1302 maiorem
634 1233 784 1301 substitui,
819 1251 891 1304 quae
919 1241 962 1287 est
986 1233 1018 1286 in
1036 1233 1078 1288 ed.
1098 1233 1180 1286 Vien.
1201 1249 1255 1288 nec
1271 1233 1395 1304 displice

190 1310 331 1364 Peecorio.
368 1309 413 1364 Gi.
440 1309 476 1364 ad
501 1325 563 1378 cap.
583 1311 626 1364 19.
654 1325 682 1360 n.
703 1309 745 1362 12.
773 1313 802 1359 et
826 1305 1072 1372 Ann.1‚17‚3.
1114 1306 1203 1360 adbuc
1230 1323 1254 1360 c.
1279 1306 1348 1360 Tur.
1378 1325 1395 1362 e*

191 1384 307 1440 Humrn.
333 1381 376 1436 ed.
402 1397 448 1452 pr.
475 1383 537 1434 Put.
564 1382 652 1454 Peg.
679 1381 754 1432 Mon.
786 1378 869 1432 Vien.
896 1377 987 1433 Rhen.
1008 1382 1035 1436 2
1053 1383 1079 1436 3.
1116 1385 1145 1432 et
1168 1379 1237 1432 min.
1260 1379 1328 1434 Ern.
1358 1381 1395 1434 Ob

189 1453 274 1509 Bred
294 1455 366 1508 Psss.
386 1455 466 1508 Hess.
502 1453 541 1506 od
554 1453 605 1506 boe
622 1397 663 1517 ῗν.
683 1451 720 1504 sd
737 1453 811 1504 Anu.
830 1454 864 1517 4,
884 1453 935 1515 12,
956 1453 998 1518 2)
1030 1468 1055 1505 c.
1076 1450 1185 1506 Arund
1206 1459 1236 1504 et
1252 1452 1341 1536 Long.
1365 1453 1395 1507 ed

190 1529 260 1582 Nor.
280 1524 370 1580 Rben.
390 1531 415 1581 1.
435 1528 526 1602 Long.
546 1526 611 1594 (qni
630 1524 660 1577 id
678 1524 787 1577 dictum
810 1524 929 1594 putebat
954 1539 1021 1593 pro:
1054 1524 1091 1578 sd
1117 1522 1174 1578 boo
1200 1527 1352 1594 temporis)
1381 1543 1393 1578 e

190 1599 254 1724 33,
274 1599 313 1651 cd
327 1598 375 1652 bec
399 1599 535 1652 editum
562 1607 590 1651 et
608 1599 670 1651 Par.
707 1597 771 1664 „De
796 1612 877 1650 roco.
904 1595 1008 1658 adise,
1044 1598 1083 1650 ced
1105 1595 1155 1650 boc
1181 1604 1211 1650 et
1233 1597 1270 1650 ad
1293 1597 1395 1650 baeer

256 1671 304 1724 nk.
324 1671 361 1724 sd
379 1671 453 1726 Veli.
472 1673 508 1736 2,
529 1675 588 1727 118.
625 1667 750 1740 Ephem.
775 1668 822 1722 lit.
840 1669 904 1724 Jen.
924 1687 948 1722 s.
969 1671 1047 1726 1822.
1078 1669 1111 1721 in
1129 1669 1276 1738 supplem.
1295 1687 1324 1740 p.
1347 1674 1395 1726 121

191 1751 220 1798 et
239 1744 354 1798 Nolten.
375 1745 443 1799 Lex.
458 1743 528 1798 .T.1.
548 1745 687 1815 Ρ.1291.”
705 1743 782 1798 Hess.
820 1749 887 1795 turre
903 1742 1114 1796 substituerunt
1134 1739 1213 1796 Pich.
1233 1750 1261 1796 et
1279 1742 1365 1798 Gluv.
1376 1773 1395 1784 -

191 1818 307 1870 licentia
327 1819 382 1869 icti
392 1851 401 1877 ,
425 1833 499 1886 quse
517 1816 579 1886 ipss
599 1817 759 1870 evitatura
777 1814 893 1868 callidis
912 1813 1190 1878 dissimulatoribuse
1207 1816 1289 1868 Doer·
1327 1819 1395 1870 iirer

191 1892 236 1940 tia
254 1891 310 1943 ioci
327 1891 458 1959 reposuit
475 1886 565 1942 Rhen.
596 1889 664 1958 quia
688 1888 719 1939 in
740 1887 884 1940 conviviis
901 1887 1044 1942 sermonis
1063 1887 1189 1942 liberter.
1232 1887 1307 1940 Erum
1331 1889 1395 1942 msl

191 1961 282 2015 secuti
300 1969 367 2014 sunt
385 1961 466 2031 Lips.
482 1968 511 2014 et
530 1968 585 2015 oet.
604 1968 670 2014 ante
688 1960 759 2014 Ern.
780 1977 834 2014 nec
852 1975 911 2013 non
929 1959 992 2030 Bip.
1014 1967 1043 2014 et
1060 1959 1145 2012 Bred.

260 2037 287 2090 9.
324 2031 419 2104 Ergo,
446 2033 514 2102 quin
531 2034 563 2086 in
591 2033 736 2087 conviviis
755 2039 785 2086 et
804 2031 963 2086 consultari
981 2039 1011 2086 et
1028 2041 1139 2086 secreto
1156 2031 1281 2101 pectoris
1301 2035 1395 2101 aperir

189 2103 290 2158 solent.
309 2131 346 2146 -·
373 2107 569 2166 desecemus
588 2107 699 2172 velate,
725 2112 839 2175 sper-ts,
866 2105 1000 2180 integra,
1028 2105 1133 2158 Gdntb.
1168 2104 1273 2156 detecta
1290 2113 1319 2156 et
1337 2107 1395 2158 nud

188 2195 264 2231 mens
283 2193 384 2247 synon.
423 2179 587 2248 Inter-prete
607 2179 668 2231 Cic.
689 2176 724 2232 de
742 2193 784 2230 or.
804 2181 840 2244 2,
859 2180 896 2234 86
902 2215 913 2242 ,
933 2181 957 2230 1.
987 2180 1096 2230 molesta
1113 2179 1312 2248 integumentis
1330 2178 1395 2242 dissi

187 2251 369 2312 mutationis,
389 2257 418 2304 et
436 2249 499 2304 cic.
519 2267 563 2322 ep·
583 2250 619 2303 sd
636 2250 688 2317 Qu.
707 2252 745 2302 ir.
766 2255 801 2313 1,
822 2254 846 2304 1.
883 2253 945 2304 eine
969 2251 1122 2304 involueris
1142 2251 1359 2304 simulationum
1389 2271 1395 2310 r

187 2323 462 2388 dtsstmutoeeionum,
487 2321 578 2394 [breg.
615 2321 664 2376 Sic
690 2331 720 2376 et
744 2323 814 2375 iicr.
836 2321 886 2375 0d.
907 2327 938 2388 1,
957 2325 1013 2388 24,
1032 2326 1058 2378 7.
1094 2324 1167 2376 nuda
1183 2327 1302 2383 ceritas,
1325 2315 1395 2376 orii

188 2412 242 2448 sm.
263 2399 297 2460 1,
315 2399 350 2458 3,
371 2399 414 2450 ii.
434 2415 461 2448 re.
481 2399 669 2465 simplicitas,
686 2396 763 2448 Hees.
801 2392 910 2446 Nudcre
928 2397 1052 2458 animos,
1070 2397 1196 2466 aperire,
1215 2396 1394 2450 manifestam

188 2467 251 2520 Lis.
270 2471 323 2534 3³,
342 2471 386 2523 21.
424 2469 490 2522 Post
514 2485 590 2522 reeens
618 2468 744 2521 maxima
771 2466 920 2520 distinctio
939 2469 1034 2537 posits
1051 2467 1084 2520 in
1103 2467 1166 2522 edd.
1187 2469 1267 2521 Vien.
1287 2471 1367 2522 Psss.
1389 2489 1394 2522 r

186 2539 298 2606 nilus,
316 2539 347 2591 in
366 2539 489 2610 reliquis
502 2541 592 2594 nulls.
629 2540 687 2596 Sed
704 2558 759 2594 nec
775 2547 951 2594 structurum
968 2548 1086 2594 mentem
1104 2548 1257 2594 retractae
1274 2541 1394 2596 Latinas

184 2619 303 2682 putem,
324 2629 379 2666 nec
398 2613 614 2668 conclusionem
633 2619 919 2685 ergo—retractatur
935 2615 1095 2668 sententies
1113 2613 1180 2666 setis
1198 2621 1314 2684 sptem,
1338 2615 1394 2668 Pas

184 2683 261 2739 Bene
279 2693 375 2739 tumen
394 2695 424 2740 et
440 2687 588 2762 vulgatam
607 2685 873 2757 interpunctionem
892 2684 1037 2751 tenurit,
1070 2693 1100 2739 et
1127 2686 1214 2740 rerba
1232 2686 1394 2756 interpreti

183 2765 233 2808 tur
252 2758 330 2812 iiess.
367 2759 420 2823 „Si
445 2777 519 2814 mens
542 2757 570 2811 h.
592 2758 612 2811 L
637 2759 782 2829 accipitur
798 2775 853 2830 pro
872 2758 1014 2824 consilio,
1041 2758 1203 2825 sententis,
1236 2759 1394 2832 Gesinrsrrrep

182 2829 315 2892 Ansicbi,
346 2831 494 2903 iiisinurg,
527 2831 553 2884 si
578 2838 731 2884 retractare
756 2832 872 2892 librent,
901 2849 1025 2890 rmore,
1053 2836 1206 2884 arctiorem
1229 2838 1273 2886 ost
1300 2831 1344 2884 id.
1370 2843 1394 2902 qi

182 2901 276 2955 denuo
299 2903 463 2956 exsrninsre
488 2901 524 2954 sd
550 2901 663 2970 aliquid
681 2903 850 2956 mutandum
867 2910 917 2956 sut
936 2902 1163 2969 emendandum,
1187 2921 1242 2958 cur
1259 2921 1321 2958 nou
1342 2889 1394 2958 mei

179 2981 237 3025 iem
256 2981 410 3027 retractare
431 2975 617 3042 (insolentius
637 2975 767 3044 quidem)
786 2974 847 3028 dici
863 2975 969 3046 possit,
980 3012 991 3024 .
1006 2985 1040 3029 ut
1058 2975 1220 3052 significet,
1258 2995 1307 3042 ea,
1340 2996 1393 3047 qur

179 3045 259 3099 nude
277 3053 306 3099 et
323 3055 424 3114 aperte
442 3065 496 3117 per
514 3045 610 3099 iocum
628 3048 659 3100 in
678 3047 815 3102 convivio
834 3048 961 3114 dixeris,
981 3047 1205 3115 deliberaveris,
1225 3057 1348 3118 postera
1373 3051 1393 3104 d

180 3117 279 3242 (10ηὲ
302 3119 378 3172 serio
404 3121 588 3187 cruminam,
623 3128 723 3174 utrum
753 3127 816 3174 rsts
841 3121 902 3174 sint
925 3119 1072 3186 habenda,
1108 3137 1146 3174 sn
1175 3129 1278 3176 contre
1307 3122 1393 3178 dece

182 3207 239 3244 nen
279 3192 355 3242 rn?”

251 3267 296 3318 1⁰.
332 3271 361 3316 et
377 3265 456 3317 sabra
471 3266 616 3336 seriusque
633 3267 767 3333 temporis
786 3267 862 3316 ratio
880 3272 939 3326 est,
957 3265 1091 3333 utrique,
1111 3265 1190 3334 quod
1208 3263 1267 3335 ipsi
1287 3282 1393 3326 conse]

180 3343 295 3389 tsneum
320 3343 377 3401 est,
411 3336 568 3402 tribuitur,
602 3334 678 3389 nihil
704 3337 801 3391 alieno
825 3346 957 3406 tempore
983 3337 1099 3411 agitur,
1124 3339 1207 3390 Doer.
1241 3337 1313 3391 coli
1337 3342 1393 3398 Pii

178 3425 245 3480 pen.
266 3423 291 3460 o.
307 3409 354 3464 92.
373 3409 571 3475 „Lomtiones
590 3413 665 3462 ratio
683 3413 762 3463 suisa
780 3415 821 3462 est
839 3415 996 3464 eiecerint
1013 3409 1179 3480 desumptae
1197 3427 1214 3463 s
1232 3411 1393 3470 rationibu

178 3497 253 3549 quse
270 3488 334 3533 tum
352 3488 478 3534 metare
496 3479 650 3548 dimotur,
682 3497 772 3551 quum
797 3489 914 3551 accepts
939 3489 968 3536 et
986 3499 1108 3552 expense
1126 3481 1197 3536 bene
1216 3479 1393 3540 convenius

179 3553 386 3622 (quadrantur,
413 3553 496 3624 paris
523 3558 603 3620 sunt)
631 3562 680 3608 sut
706 3553 839 3629 legitima
863 3571 973 3607 summa
1001 3555 1225 3626 computationi·
1239 3561 1392 3626 respond,

178 3625 224 3679 Gi.
244 3625 323 3680 Cori.
343 3625 380 3679 sd
397 3625 470 3679 Piin.
491 3641 536 3695 ep.
556 3629 591 3694 2,
608 3628 637 3682 ὅ.
658 3631 710 3690 ts,
728 3631 754 3682 9.
775 3627 923 3680 iisrtmsn.
943 3628 971 3680 Ρ.
984 3627 1021 3684 11.
1040 3645 1069 3697 p.
1086 3629 1111 3683 7.
1148 3627 1233 3680 saba
1253 3627 1260 3640 '
1285 3629 1358 3683 itur
1384 3655 1392 3686 s

178 3700 322 3768 utriusque
339 3689 475 3766 temporis
491 3702 585 3761 ratio,
618 3715 668 3752 reu
692 3716 751 3752 non
777 3698 891 3752 turbsts
909 3699 1125 3769 etirnplicsta,
1155 3715 1246 3768 quum
1298 3719 1392 3760 enne

177 3770 251 3824 osne
269 3769 405 3824 collocati
423 3772 566 3825 rationem
584 3771 707 3826 reddere
724 3771 850 3842 possint,
878 3771 996 3839 utrique
1013 3771 1139 3842 tempori
1157 3789 1242 3824 suum
1260 3773 1392 3838 tribuni

178 3857 233 3898 nec
250 3842 346 3896 siieno
364 3851 496 3914 ternpore
514 3843 628 3914 aliquid
646 3852 752 3919 ageret,
772 3861 838 3897 narn
856 3843 1009 3898 demant
1028 3844 1062 3906 in
1078 3843 1237 3910 conviviis,
1267 3845 1344 3902 dum
1362 3851 1392 3918 Λ

178 3931 242 3986 gere
266 3917 410 3975 uadunt,
440 3917 558 3970 secretis
585 3916 713 3986 pectoris
733 3917 853 3986 spertisr
885 3919 1061 3970 conditum
1078 3917 1184 3980 sobrii,
1213 3917 1281 3970 dem
1300 3935 1392 3986 mem

178 3995 433 4058 compotorum
451 4005 508 4043 nou
524 3999 658 4059 possem,
686 3988 818 4043 omnibus
844 3987 929 4042 rebus
954 3988 1124 4063 diligentius
1143 3989 1310 4060 expensis.”
1333 3994 1392 4053 He

177 4059 223 4114 Gi.
242 4059 278 4114 sd
301 4059 374 4112 Ann.
396 4063 486 4128 1,.o,
505 4065 531 4117 7.
552 4069 581 4116 et
599 4065 652 4125 13,
673 4064 771 4128 11,2.
809 4061 914 4116 Sensus
932 4061 1028 4116 elucet
1051 4081 1086 4116 ex
1104 4062 1155 4128 iis,
1186 4077 1260 4130 qsrse
1289 4061 1391 4120 Tacit

177 4131 338 4198 subiunxit,
373 4149 467 4201 neque
485 4149 556 4202 opus
575 4141 638 4187 orat
654 4139 699 4188 tot
723 4132 837 4199 verbis,
874 4133 979 4202 quibus
1003 4134 1048 4186 usi
1071 4141 1138 4190 sunt
1164 4134 1254 4188 Gron.
1283 4141 1318 4188 et
1339 4137 1391 4194 Er

175 4223 227 4257 suc
243 4221 298 4276 pro
316 4207 394 4258 suisa
411 4203 566 4292 legendum
586 4206 737 4260 censebunt
755 4206 834 4276 Lips.
861 4213 891 4259 et
909 4205 968 4260 eiii.
1017 4205 1154 4262 Ceterum
1181 4206 1217 4260 de
1241 4207 1349 4262 Persis
1365 4250 1380 4278 ,

175 4276 277 4344 quibus
299 4277 387 4330 multi
413 4277 558 4352 originem
583 4279 794 4332 Germanorum
819 4285 970 4348 repetunt,
990 4283 1030 4343 (r.
1050 4280 1086 4334 sd
1104 4295 1166 4349 osp-
1185 4283 1212 4336 2.
1233 4295 1262 4332 n.
1287 4285 1334 4344 1.)
1378 4303 1391 4342 ε

174 4347 239 4404 dem
258 4349 412 4404 traduntur
431 4349 521 4418 iocis,
540 4351 574 4405 nb
594 4351 694 4406 lisseio
713 4351 770 4405 iarn
789 4351 924 4418 isudntis,
941 4349 1084 4407 Herodoti
1103 4357 1129 4420 1,
1149 4356 1210 4409 133.
1230 4351 1337 4408 strab.
1353 4357 1391 4414 X
