2770 4792
447 189 589 258 eaeor
622 189 716 256 Vlll.
1035 221 1051 243 r
1085 259 1090 272 ,
1133 199 1196 264 229

38 357 77 410 to.
91 357 136 431 lug.
151 358 187 412 li.
212 361 253 411 ita
276 353 443 424 eminendo
465 379 484 412 a
508 359 616 414 delictis
639 359 731 428 megia
753 373 837 428 quarn
862 357 1030 412 rinallroesde
1047 365 1193 418 mereinai

36 431 235 571 {morguam
273 429 390 484 Similia
409 430 484 484 dixit
502 433 649 486 Maecenas
662 443 713 499 ap.
734 429 819 484 Dion.
838 432 889 496 52,
917 433 980 488 w
1004 431 1108 488 Walcb.
1146 435 1188 492 Of.

416 646 611 702 CAPUT
648 647 726 700 v111.

82 755 203 819 Praeerat
226 767 306 820 tunc
325 755 518 820 Britanniae
540 755 676 820 Vettius
697 757 862 835 Bolanus,
885 755 1066 840 placidius,
1088 781 1186 844 quam

34 843 95 900 feroci
116 842 268 922 provincia
297 839 432 928 dignum
465 849 524 904 est
572 839 790 924 Temperavit
820 841 975 927 Agricola
1001 843 1069 906 vim
1091 866 1185 908 suam
1272 855 1275 858 '

34 921 184 1005 ederentque
203 928 418 1006 compescuit,
449 945 490 987 ne
512 928 731 1003 incresceret,
762 927 891 1008 peritus
913 925 1050 1008 obsequi
1071 927 1186 990 erudi-

34 1015 105 1088 tusque
122 1009 199 1069 utilia
217 1008 362 1070 honestis
384 1011 534 1070 miscere:
577 1007 678 1070 Brevi
700 1005 818 1070 deiude
839 1006 1012 1069 Britannia
1034 1013 1184 1074 consula-

34 1107 72 1147 reu
89 1089 212 1151 Petilium
239 1089 403 1153 Cerialem
432 1094 567 1173 accepit.
623 1091 825 1153 Habuerunt
857 1092 1000 1153 virtutes
1038 1096 1182 1175 spatium

34 1173 197 1254 amplorum.
246 1171 313 1236 Sed
343 1177 453 1256 primo
483 1173 623 1236 Cerialis
651 1173 748 1236 modo
777 1175 903 1260 labores
925 1183 959 1234 et
979 1174 1182 1256 discrimina,

33 1275 72 1312 uu
88 1265 109 1315 et
125 1259 247 1342 gloriam
269 1259 548 1335 communicabat,
585 1279 681 1342 saepe
701 1259 790 1342 parti
813 1259 975 1323 exercitus
997 1261 1033 1319 in
1055 1264 1184 1343 experi-

33 1348 136 1418 mentum,
161 1339 328 1424 aliquaudo
356 1341 537 1404 maioribus
565 1345 668 1426 copiis
695 1363 734 1403 ex
756 1349 878 1404 eventu
900 1345 1068 1424 praefecit.
1111 1343 1182 1406 Nec

31 1421 126 1500 lunula
142 1444 278 1505 uuquam
298 1425 334 1484 in
356 1445 449 1486 suam
469 1429 590 1486 famam
612 1427 713 1510 gestis
734 1426 933 1500 exstrltavit3
955 1423 999 1486 ad
1013 1434 1183 1488 auctorem

31 1501 154 1578 niuem,
179 1517 214 1568 nt
232 1509 407 1586 minister,
436 1511 604 1570 fortunam
631 1509 808 1572 referebat
850 1507 900 1568 lta
922 1511 1047 1572 virtute
1068 1512 1103 1572 iu
1125 1511 1189 1572 ob·-

29 1585 143 1746 Zpueudo,
161 1589 358 1652 uerecundia
378 1593 413 1651 in
444 1589 666 1673 praedicando
697 1601 791 1653 extra
811 1589 985 1671 iuvidiam,
1008 1612 1068 1654 nec
1089 1602 1182 1654 extra

57 1687 112 1729 narn
129 1681 197 1733 erat.
631 1707 633 1712 ·

68 1804 83 1851 l·
111 1801 223 1857 Pratum
247 1814 319 1858 tunc
341 1805 527 1869 Britanniae,
554 1813 588 1860 ut
606 1807 658 1860 alii
676 1791 945 1876 pfflseriusque,
977 1806 1134 1872 dequibus
1153 1823 1180 1857 v.

28 1869 97 1939 dap.
117 1879 150 1928 ll.
171 1893 197 1930 n.
223 1882 249 1931 1.
270 1906 307 1918 -
342 1877 453 1932 Vettius
470 1879 605 1938 Bolanus,
631 1895 659 1929 r.
685 1875 722 1929 ad
745 1875 820 1929 Anu.
847 1881 952 1939 15‚13.
992 1875 1098 1930 Vettius
1116 1878 1178 1928 Vat.

29 1941 72 1995 llll
99 1944 192 2002 leatus
205 1951 270 2002 Pur„
285 1953 313 2005 3.
334 1949 443 2004 Vectius
469 1951 531 2004 Vat.
563 1951 643 2006 3429.
669 1957 699 2000 et
726 1948 788 2002 edd.
815 1949 869 2002 rel
897 1955 964 2000 ante
991 1948 1069 2002 Brut.
1094 1957 1128 2000 ut
1153 1958 1182 2001 et

27 2009 66 2064 ln.
92 2017 190 2074 Valerus
203 2021 265 2074 Vat.
286 2023 365 2079 3429.
385 2029 415 2075 et
432 2021 495 2076 edd.
515 2029 572 2076 ret
592 2022 649 2074 nisi
669 2020 747 2089 quod
764 2021 887 2074 Bolanus
907 2020 940 2084 in
959 2019 1022 2074 Riv.
1036 2049 1071 2062 —
1094 2022 1183 2090 plari·
1247 2046 1252 2066 ι

25 2081 70 2142 litt,
86 2107 148 2158 quana
157 2091 244 2160 suaet
258 2098 407 2164 prouincia
425 2097 541 2166 dignum
560 2101 603 2147 est
621 2101 675 2146 cet.
714 2094 780 2146 Non
798 2099 858 2144 tam
877 2093 975 2144 alacer
993 2101 1181 2162 arrectasque

26 2157 140 2238 tutentur
160 2165 193 2218 ad
210 2166 391 2234 bellandum,
411 2184 497 2236 quam
517 2165 666 2236 oportebat
685 2181 744 2218 esse
764 2164 884 2230 ducem,
904 2165 952 2215 ubi
972 2165 1103 2234 quotidie
1128 2163 1181 2218 bo·

26 2235 107 2286 mente
121 2238 207 2290 oculos
225 2238 388 2292 exsultabat
407 2249 436 2293 et
454 2239 623 2293 lacessebat:
643 2255 659 2290 a
679 2253 736 2308 quo
756 2245 874 2306 torpore
894 2237 1066 2310 longissime
1085 2254 1180 2292 remo·

28 2301 163 2380 ulmeta,
181 2311 296 2366 ardebat
316 2311 370 2366 ille
389 2313 506 2381 quidem
526 2312 667 2382 cupidine
684 2310 728 2362 rei
747 2307 902 2383 gerendae,
923 2319 1098 2364 nontamen
1118 2327 1181 2364 eam

25 2381 174 2447 nunetuiit,
195 2391 225 2434 ut
243 2385 374 2458 legatum
393 2385 576 2438 consularem
596 2381 759 2436 offenderet
777 2389 806 2434 et
824 2381 874 2434 rel
893 2382 1025 2436 audendo
1043 2383 1093 2436 vel
1112 2399 1180 2436 cen·

26 2445 153 2522 tutelonis
170 2463 197 2506 et
213 2457 324 2510 ferocia
350 2458 506 2532 segnitiem
526 2457 553 2510 ei
571 2473 650 2508 suam
670 2453 879 2523 exprobrarem
900 2454 984 2506 Gran.
1020 2460 1180 2524 prouinciae

26 2517 198 2582 illitael'ut23.
215 2527 305 2582 Rhen.
317 2533 342 2582 1.
362 2529 479 2600 dignum
490 2532 514 2580 ἕ.
536 2531 666 2581 Puttres
686 2535 714 2580 et
732 2526 795 2578 Riv.
817 2527 931 2596 dignum
950 2536 991 2580 est
1010 2527 1073 2581 Ber.
1089 2527 1179 2580 lihen.

25 2594 136 2650 tuerer.
151 2603 230 2667 paulo
244 2603 343 2654 durius
358 2621 441 2673 quam
453 2601 481 2671 s.
501 2620 527 2670 p.
547 2602 672 2671 dignum·
710 2599 764 2650 Ast
774 2603 938 2666 temperarit
952 2601 1027 2652 coni.
1039 2601 1119 2652 Harl.
1139 2600 1181 2648 de

24 2673 74 2740 lm
86 2679 137 2722 aret
152 2669 225 2725 rlcid.
246 2675 271 2725 d.
292 2681 355 2726 erat
372 2675 445 2726 Bru.
465 2684 493 2728 et
508 2676 639 2745 dignum.-
657 2671 705 2724 sed
720 2675 886 2740 temperavit
900 2671 997 2724 Heius.
1036 2671 1180 2725 Emenda-

25 2737 67 2786 lere
80 2757 124 2792 neu
138 2760 217 2813 opus:
245 2747 390 2801 sententia
414 2746 460 2799 his
479 2745 576 2800 verbis
595 2747 702 2813 cuique
721 2743 887 2796 conditioni
907 2745 1071 2797 communis
1091 2744 1181 2796 eonti-

24 2813 82 2872 ’ΜΠ
94 2814 193 2868 Drenla
216 2817 413 2890 Temporibus
422 2819 518 2872 Taciti
538 2835 593 2874 cun
653 2818 676 2868 it
690 2824 741 2878 eet,
760 2824 792 2866 ut
805 2823 874 2868 aeret
885 2816 1052 2885 prioribus3
1075 2815 1179 2868 Walcb.

60 2883 78 2934 Ζ
105 2893 304 2946 miseresceret
322 2909 361 2946 sc.
381 2893 441 2958 vis,
460 2891 562 2958 ardum
607 2909 649 2944 m.
686 2889 768 2942 Idem
786 2887 859 2942 haec
879 2888 1041 2943 redundare
1060 2889 1181 2943 melius·
1243 2913 1249 2920 ·

24 2961 53 3012 tn
64 2955 135 3012 altore
150 2965 271 3031 putabat.
312 2965 408 3018 immo
427 2965 465 3016 iis
484 2964 560 3018 inest
578 2979 716 3018 acumen:
736 2980 769 3014 ne
788 2967 946 3014 incresceret
964 2961 1040 3031 ipse,
1060 2962 1183 3035 Agrico-

24 3015 190 3088 bettoleno
207 3039 305 3091 maior
324 3037 473 3090 videretur
497 3045 526 3090 et
544 3035 611 3103 bic,
644 3043 676 3088 ut
701 3035 800 3090 minor
823 3034 978 3104 prudentia
1002 3051 1035 3086 ac
1062 3037 1181 3098 virtute,

24 3103 205 3173 antemnarum
224 3111 305 3162 Brut.
325 3109 386 3179 Rip.
409 3109 456 3161 Ob.
478 3109 588 3161 etalii.
626 3107 683 3160 Sed
701 3107 802 3170 ardor,
822 3107 914 3168 dolor,
942 3108 1076 3170 audacia,
1096 3113 1183 3160 certa-

24 3177 54 3216 ta
65 3177 179 3231 inuenere
195 3182 349 3247 dicuntur,
370 3199 428 3234 uon
450 3181 582 3244 homines,
602 3187 630 3233 et
649 3184 797 3234 increscere
814 3177 842 3230 h.
863 3181 882 3231 l.
903 3181 974 3234 bene
992 3181 1099 3234 referri
1117 3188 1183 3250 pot-

24 3243 44 3284 ii
58 3244 82 3296 ad
98 3252 205 3307 ruderarie
223 3255 409 3318 iuvenilem
432 3253 537 3308 Walcb.
557 3282 593 3293 -
609 3258 717 3324 peritus
736 3253 845 3322 obsequi
854 3288 862 3312 ,
882 3253 1058 3320 obsequendi
1067 3277 1081 3317 ,·
1094 3253 1184 3306 erudi-

24 3311 76 3380 ,bren
87 3326 158 3376 rnna
172 3326 296 3381 honestis
316 3331 442 3388 miseere,
462 3327 497 3380 ad
514 3325 716 3390 miscendum
761 3341 861 3378 raecae
887 3332 916 3378 et
933 3333 1010 3394 poet.
1031 3324 1182 3390 dictiones,

24 3393 130 3504 tuamet
145 3396 265 3453 Tacitus.
305 3399 348 3452 cf.
370 3400 434 3452 ind.
455 3401 506 3453 lll.
527 3417 554 3452 v.
579 3399 724 3450 Adiectiea
740 3344 902 3467 ginfinitivis
926 3403 1020 3450 iuncta
1039 3405 1069 3449 et
1086 3397 1183 3450 Rarus-
1276 3447 1278 3456 ,

24 3462 197 3594 ὥᾳῑῦῗὲρ.
216 3475 281 3528 425.
320 3473 399 3526 Talis
423 3472 600 3542 Hephaestio
625 3471 802 3526 describitur
828 3469 863 3522 H.
883 3475 918 3536 3,
937 3472 981 3526 5⁰.
1010 3476 1039 3522 et
1066 3469 1180 3522 aCurt.

24 3645 25 3654 ,
59 3572 87 3658 t'
103 3619 259 3672 consularem
279 3621 320 3682 (r.
341 3617 377 3670 ad
395 3617 468 3670 Anu.
489 3620 515 3678 1,
527 3619 571 3680 te,
610 3615 631 3676 .)
653 3615 781 3668 Petilium
801 3615 942 3677 Cerialem,
961 3631 987 3667 v.
1008 3630 1070 3684 cap.
1092 3617 1133 3669 17.
1156 3621 1185 3666 et

24 3662 56 3722 'll
70 3681 97 3730 ll·
113 3687 265 3743 Peretile'um
285 3693 349 3744 rut.
368 3699 436 3743 tres.
457 3691 592 3742 Cerealem
633 3695 672 3740 ut.
692 3693 718 3744 3.
739 3685 829 3740 Rhen.
851 3693 875 3742 1.

59 3752 77 3800 l·
104 3757 258 3816 Habuerunt
275 3769 394 3816 uirtutes
413 3763 583 3830 utriusque,
604 3762 663 3814 Pet.
685 3759 808 3813 Cerialis
827 3769 854 3812 et
874 3758 1042 3834 Agricolae,
1061 3763 1185 3828 epatium

24 3826 155 3895 Melum,
174 3835 267 3888 multa
288 3835 324 3889 de
343 3853 373 3888 se
392 3835 461 3904 ipsis
481 3835 614 3903 exempla
633 3831 797 3902 prodendi;
817 3831 890 3885 Pieli.
929 3831 1048 3898 „lmmo'
1062 3831 1186 3884 virtutes
1259 3892 1273 3907 ·

24 3881 120 3956 Hecube
143 3907 191 3959 sub
217 3909 296 3962 bono
323 3907 471 3962 consulari
490 3923 626 3976 campum
655 3913 763 3962 nactae¹
782 3912 866 3970 suut,
894 3905 925 3956 in
944 3921 1030 3974 quem
1050 3921 1187 3957 excurre·

24 3967 64 4036 lm·
78 3977 236 4034 Curnonium
256 3981 291 4032 in
310 3997 368 4052 quo
387 3997 416 4034 se
435 3986 607 4033 exercerent
626 3985 654 4030 et
673 3978 806 4047 exempla
824 3977 946 4031 ederent
964 3977 1111 4046 obsequii,
1138 3993 1188 4028 ve-

24 4037 132 4114 lemme,
148 4053 349 4119 fortitudinis,
372 4060 406 4104 ut
425 4052 500 4106 Ann.
520 4055 575 4116 13,
603 4053 629 4104 8.
649 4051 792 4104 ridebatur
817 4053 890 4105 locus
909 4050 1062 4104 uirtutibus
1080 4046 1189 4116 patefa-

24 4107 70 4184 Μ’
97 4121 170 4176 Saltu.
188 4126 258 4180 Em.
279 4127 341 4196 Bip.
363 4125 425 4178 alii.
464 4123 580 4192 „Bene,
608 4129 637 4175 et
662 4123 820 4192 explicatio
844 4123 926 4178 Pich.
951 4123 1079 4197 languet.
1121 4119 1189 4188 Spa-

24 4175 248 4264 macuritarum,
277 4207 312 4250 ut
335 4202 460 4266 epatium
479 4197 636 4267 equitandi,
665 4199 790 4264 spatium
816 4195 1012 4250 addicendum
1032 4202 1060 4247 et
1079 4210 1118 4260 ep.
1138 4211 1189 4262 ap-

24 4259 104 4338 Undis
118 4277 244 4338 nuptiis.'’
268 4269 378 4325 Waleb.
414 4271 500 4326 Recte
520 4270 642 4322 Huetius
668 4267 741 4321 haec
760 4269 797 4320 ita
818 4270 963 4339 explicat:
989 4267 1136 4318 Hactenus
1156 4265 1188 4318 in

42 4341 70 4377 τη
81 4337 207 4398 tribunatu
227 4345 380 4408 militum,
399 4343 430 4395 iu
449 4341 598 4396 tribunatu
616 4341 711 4410 plebis
731 4349 759 4395 et
777 4350 929 4410 praetura,
949 4336 1118 4392 muneribus
1137 4355 1189 4390 an-
