2756 4792
407 233 562 300 CAPUT.
578 232 737 302 XXXIV.
1124 237 1186 300 1111

17 405 91 458 mitt
108 405 170 459 Orel.
189 422 217 457 r.
230 399 295 456 Iud.
309 401 363 457 III.
385 421 412 455 r.
431 404 583 458 Abstracta
599 421 652 472 pro
671 401 815 456 Cancrum
835 404 1071 472 'praeceptoribus
1082 419 1097 456 o
1109 403 1185 456 coni.

15 478 74 530 Gan.
93 477 193 548 recepit
220 476 326 530 Heum.
353 483 383 528 at
410 493 445 530 ex
464 475 541 530 MSS.
561 477 624 530 Vat.
643 477 723 529 Rrot.
743 475 816 528 Ern.
835 475 897 546 Rip.
918 476 1034 546 aliique.
1055 505 1092 516 -
1118 473 1187 544 sari

14 551 262 618 rudimentorum
281 548 313 600 in
331 550 417 613 foro;
436 548 504 602 Em.
523 577 560 590 -
587 549 711 602 eruditus
730 555 757 600 et
775 548 947 618 assuefactus
964 551 1065 603 alienis
1083 553 1187 620 experi-

13 628 90 682 rmtc's,
105 641 127 675 v.
144 622 178 676 ad
196 621 266 696 Agr.
287 625 331 677 19.
350 639 379 672 ιι.
402 625 426 675 1.
445 651 483 663 -·
499 624 599 692 populi
615 639 713 682 aures,
732 638 759 674 v.
780 622 817 674 sd
835 639 898 692 cap.
918 622 961 680 19.
982 640 1011 674 ιι.
1031 625 1056 676 2.
1076 649 1113 662 -
1142 639 1187 674 ac-

13 701 135 748 cusationem
157 703 327 765 susceperat:
358 694 402 758 (iu
427 695 472 748 cd.
498 693 564 747 niv.
590 696 756 764 susciperat)
786 711 874 761 „nam
903 695 935 748 in
960 694 1186 747 accusationibus

13 768 94 820 invenes
108 768 239 822 tirocinia
256 765 419 837 ponebant..
430 785 459 820 v.
480 767 542 820 Cic.
562 784 591 837 p.
612 766 713 821 CooIIo
733 771 784 833 30,
806 771 850 824 73.
876 776 906 821 et
923 767 1021 836 Speld.
1041 765 1076 818 ad
1096 765 1185 832 Quin·

13 841 74 900 ott,
91 847 132 908 13,
150 841 196 896 3.”
212 841 265 892 Dr.
284 867 322 882 -
353 843 428 894 solus
445 844 547 894 itatim
565 845 709 910 weicuique
726 857 822 894 causae
839 845 973 910 parerat
991 839 1035 894 cd.
1054 855 1100 908 pr.
1121 841 1183 892 Put.

13 913 50 964 tis.
64 914 117 966 Iler.
134 913 223 967 Rben.
243 921 320 980 trec,
346 912 448 966 hanc.
469 911 531 966 col.
569 917 644 968 solus
662 917 760 967 statim
777 921 805 965 et
823 931 893 968 uuus
911 917 1057 984 eademque
1075 929 1098 964 c.
1114 930 1143 982 p.
1163 930 1185 964 e.

13 985 71 1038 odax
85 987 159 1039 Fam.
181 985 245 1040 edd.
265 985 344 1054 Lips.
366 993 395 1038 et
414 1002 472 1039 rec.
510 985 586 1040 Bene
605 987 744 1040 IIuetius:
778 987 846 1038 Non
863 985 921 1039 boc
940 984 994 1039 sibi
1012 984 1093 1050 vult,
1117 984 1186 1036 nul·

13 1057 47 1108 Tun
61 1059 138 1112 alium
154 1066 272 1128 praeter
298 1059 393 1128 ipsum
417 1059 582 1126 cuicunque
606 1075 706 1113 causae
732 1075 833 1128 parem
858 1059 961 1126 tuisse,
992 1057 1056 1119 sed,
1085 1073 1186 1126 quam·

13 1145 88 1198 nume
103 1149 212 1184 cauum
237 1131 273 1183 ad
298 1147 363 1184 eum
391 1129 562 1191 detulisses,
595 1132 690 1186 solum
718 1131 830 1201 ipsum,
861 1131 945 1184 nullo
970 1130 1003 1183 in
1026 1128 1185 1182 subsidium
1232 1161 1237 1169 ·

13 1211 125 1273 asumpto,
143 1201 254 1256 nullius
274 1203 412 1258 advocato
431 1203 560 1270 auxilio,
580 1205 723 1259 sustinere
741 1203 835 1273 ipsam
853 1204 999 1274 potuisse;
1017 1203 1093 1255 Brot.
1126 1220 1187 1264 „sa-

13 1275 559 1420 t.‘{.t.t.f:‘¹t{t;¹⁵.t.⁰{.tt.tt
582 1277 677 1404 333.
696 1279 1188 1418 .t:“.:tt..‘¹tt..;tt‚‘¹tt

13 1419 96 1482 utros,
113 1430 235 1476 sectatur
252 1421 448 1476 iudiciorma.”
471 1425 542 1476 Orel.
580 1441 677 1478 caueae
694 1441 750 1492 par
768 1431 848 1484 erat,
873 1441 900 1476 v.
921 1422 957 1475 ad
974 1420 1045 1496 Agr.
1064 1425 1091 1477 9.
1110 1440 1138 1474 n.
1157 1425 1185 1477 7.

49 1497 69 1547 6
100 1493 282 1549 Nouadecimo
301 1500 405 1548 aetatis
422 1515 497 1549 anno
520 1495 552 1549 L.
574 1497 686 1552 Crassus
706 1496 733 1549 C.
755 1495 900 1550 Carbamm
919 1502 974 1549 cet.
1005 1511 1034 1548 r.
1059 1493 1096 1547 ad
1121 1511 1184 1564 cap.

13 1563 66 1616 bu.
82 1571 104 1619 1.
121 1576 151 1620 at
167 1571 195 1624 2
232 1567 342 1621 Eadem
371 1569 502 1639 exempla
526 1577 639 1624 nnatnre
665 1587 760 1622 causas
778 1568 883 1643 agendi
901 1568 932 1620 in
950 1569 1014 1621 foro
1033 1567 1186 1636 proposuit

13 1635 85 1698 bittit.
104 1645 152 1707 12,
172 1645 206 1701 6.
226 1645 250 1696 1.
269 1641 322 1692 Dr.
360 1641 476 1706 „Error
494 1642 600 1711 aliquis
619 1643 652 1694 in
669 1641 797 1694 numeris
816 1641 945 1711 irrepsit.
985 1641 1076 1694 Notus
1105 1639 1185 1693 enim

13 1709 135 1766 tonsus
165 1713 197 1780 Q.
225 1713 371 1784 Caepione
394 1721 423 1767 et
449 1714 481 1766 C.
505 1715 605 1768 Laelio
630 1731 699 1768 coss.
727 1733 751 1766 a.
772 1715 807 1768 U.
828 1730 853 1766 c.
872 1717 936 1770 613.
969 1731 996 1766 v.
1026 1712 1084 1765 Cic.
1104 1713 1184 1766 brut.

13 1783 58 1836 Il.
78 1783 181 1839 Consul
205 1786 261 1838 fuit
283 1785 314 1840 C.
338 1787 469 1856 Papirius
496 1787 589 1841 Carbo
614 1805 638 1840 a.
663 1789 779 1842 [1631.
817 1785 902 1839 Anno
925 1785 1058 1854 sequenti
1078 1784 1186 1840 Carbo·

13 1867 42 1904 tu
55 1859 195 1911 accusavit
214 1857 332 1912 Crassus
351 1875 442 1913 annos
460 1859 522 1914 XXI
542 1869 640 1924 natus,
664 1868 699 1912 ut
717 1860 780 1930 ipso
799 1865 922 1912 tesmtur
939 1875 984 1928 ap.
1005 1857 1065 1910 Cic.
1086 1857 1121 1910 de
1141 1871 1183 1910 or.

13 1927 65 1986 sto.
96 1931 197 1985 Postea
217 1933 357 1985 maturius
376 1940 492 1985 oratum
511 1933 601 1986 fuisse
620 1933 702 1986 testis
721 1941 764 1985 cst
782 1932 857 1984 PIin.
879 1948 925 2000 ep.
944 1933 980 1996 5,
1000 1933 1026 1985 8.
1053 1930 1104 1998 qui
1121 1929 1186 1982 XIX

13 2013 48 2051 tuo
63 2004 158 2057 astatis
179 2003 281 2057 dicere
300 2005 332 2057 in
356 2007 422 2058 toro
447 2004 572 2074 coepit''
597 2006 677 2060 Brot.
716 2005 855 2072 „Crassus
883 2003 1044 2057 Carbonem
1069 2019 1186 2055 accusa-

13 2067 177 2129 'tedmodum
197 2077 381 2142 adoIcscens,
402 2077 464 2130 Cic.
485 2077 532 2130 off.
552 2083 587 2144 2,
609 2083 652 2136 13.
678 2079 758 2131 Brut
778 2081 823 2133 43.
843 2084 872 2131 et
889 2093 935 2146 ap.
955 2075 1017 2128 Cic.
1041 2073 1076 2128 de
1095 2091 1138 2129 or.
1157 2079 1186 2141 3,

13 2143 81 2214 lpto
97 2168 183 2204 mum
203 2158 232 2202 et
248 2153 356 2220 uiginti
374 2158 471 2211 recte,
497 2150 619 2220 opinor,
638 2153 814 2222 undeuiginti
831 2149 985 2203 coniecere
1004 2147 1136 2202 hambin.
1158 2155 1187 2202 et

13 2217 71 2270 ttII''
86 2221 137 2274 Dr.
177 2222 333 2277 Schuluius
351 2223 425 2277 haec
444 2223 608 2276 annotavit:
636 2223 799 2292 „Schuruti
819 2223 956 2288 miratur,
984 2220 1187 2274 honoratores

13 2292 273 2374 uadolescentulos
290 2297 396 2362 fuisse,
427 2313 517 2364 quum
541 2296 682 2351 Asconius
705 2296 770 2350 Ped.
797 2297 828 2349 in
847 2295 908 2350 Cic.
928 2293 1049 2347 divium.
1070 2300 1186 2358 asserat,

13 2375 43 2414 tot
56 2369 225 2422 robustiores
242 2386 369 2422 accusare
386 2377 447 2422 tum
466 2387 619 2432 consuesse,
648 2390 720 2432 aon,
756 2377 788 2422 ut
804 2387 853 2424 suo
871 2376 1011 2438 tempore,
1038 2366 1190 2420 adolescer-

13 2433 48 2486 ltt
79 2441 162 2494 Idem
181 2449 282 2495 tamen
301 2441 422 2508 Quintil.
443 2446 495 2508 12,
514 2447 540 2499 6.
560 2451 701 2510 testatur,
721 2459 760 2495 sc.
781 2441 919 2506 Calvum,
940 2439 1104 2504 Caesarem,
1125 2438 1190 2492 Pol·

13 2517 71 2561 hem
90 2515 224 2567 multum
250 2523 316 2568 ante
342 2517 536 2585 quaestoriam
565 2524 687 2570 aetatem
706 2514 876 2590 gravissima
894 2512 1003 2566 iudicia
1021 2511 1188 2580 suscepisse.

13 2593 63 2647 tque
78 2603 149 2640 vero
170 2587 308 2661 vulgaria
327 2597 411 2642 erant
428 2587 501 2642 haec
521 2589 667 2660 exempla,
694 2604 789 2656 neque
806 2585 859 2640 hos
878 2585 954 2655 ipsos
973 2584 1008 2637 ab
1026 2584 1080 2638 isto
1100 2583 1189 2637 initio

13 2656 139 2714 abnuasse
160 2676 285 2730 operam
303 2669 422 2731 putem,
449 2660 499 2714 sed
518 2661 549 2714 id
567 2663 681 2714 tantum
699 2660 842 2726 voluisse,
874 2665 907 2710 ut
924 2657 1059 2710 tirocinii
1078 2663 1190 2709 metum

13 2729 42 2778 llo
56 2731 187 2799 periculo
210 2740 240 2787 et
258 2734 460 2803 experimento
481 2735 667 2788 transirent.’'
685 2761 721 2774 ·-
751 2751 804 2786 uno
831 2737 859 2782 et
881 2733 1013 2801 vigesimo
1041 2727 1073 2782 C.
1095 2727 1189 2781 Iulius

13 2813 61 2851 w
76 2809 173 2868 (natus
193 2825 222 2859 a.
242 2807 373 2870 11661.)
401 2807 453 2860 Cn.
474 2807 644 2861 Cornelium
661 2807 836 2860 Dolabellam
855 2805 926 2868 (cos.
947 2819 1013 2854 cum
1033 2802 1069 2854 Μ.
1089 2801 1190 2856 Tullio

13 2873 69 2926 ”ula
86 2896 109 2930 a.
131 2880 168 2932 U.
191 2881 257 2934 673.
277 2880 329 2950 qui
347 2879 451 2934 deinde
471 2881 629 2934 consularis
649 2888 678 2934 et
697 2897 732 2932 cx
750 2876 916 2931 Macedonia
934 2891 1067 2928 murreus
1085 2874 1190 2926 trium-

13 2947 73 3010 Ὴὶἲὶ
102 2969 131 3002 r.
160 2951 229 3004 Cic.
255 2969 285 3022 p.
308 2951 362 3006 Pis.
384 2958 426 3010 19.
453 2961 482 3006 et
501 2954 604 3007 Vellei.
624 2955 660 3019 2,
681 2953 740 3014 33.)
764 2947 993 3020 repetundarum
1017 2947 1188 3017 postulavit,

13 3035 73 3085 ‘quo
98 3041 126 3076 v.
155 3024 225 3077 Cic.
252 3023 333 3077 Brut.
353 3029 397 3081 91.
426 3025 504 3080 Suet.
535 3026 612 3080 Caes.
632 3030 658 3080 q,
687 3033 717 3079 ct
734 3024 808 3076 Plut.
837 3023 869 3074 in
888 3020 966 3074 Caes.
986 3037 1015 3089 p.
1036 3021 1097 3074 708.
1134 3017 1191 3072 Sed

13 3097 41 3142 tt
58 3101 83 3146 ct
100 3097 178 3150 I’Iut.
210 3097 244 3148 id
262 3098 371 3150 factum
392 3097 496 3151 dicunt
514 3102 671 3169 composita
688 3099 824 3152 seditione
843 3096 939 3158 ciuili,
966 3092 1138 3162 Lepidiana‚
1166 3110 1189 3145 a.

13 3167 72 3221 ren,
95 3185 155 3237 quo
185 3171 277 3224 Mam.
303 3171 445 3224 Aemilius
473 3172 600 3242 Lepidus
628 3179 656 3225 et
686 3170 721 3223 D.
750 3169 852 3224 Iunius
880 3167 987 3219 Brutus
1007 3181 1077 3218 coss.
1097 3167 1190 3231 mere,

13 3247 62 3288 'aar
78 3251 177 3295 autem
201 3259 313 3295 annum
333 3244 433 3296 aetatis
451 3244 546 3298 XXIII
565 3251 615 3296 ant
631 3243 723 3296 mv
742 3243 817 3316 agit,
843 3239 997 3308 quodiam
1016 3244 1192 3291 annotarunt
1229 3305 1231 3310 ,

13 3319 39 3376 tt.
55 3321 81 3366 et
96 3313 181 3368 Brot.
205 3315 246 3368 ad
263 3314 335 3368 nn
366 3316 483 3370 Casaub.
504 3317 541 3370 ad
558 3316 637 3370 Suet.
658 3316 678 3368 I.
698 3316 719 3368 l.
749 3321 779 3367 at
804 3312 930 3368 Wesssl.
954 3309 1026 3364 obss.
1045 3313 1078 3376 2,
1099 3313 1143 3364 18.
1161 3328 1191 3380 p.

13 3381 30 3432 2
58 3386 130 3441 Hinc
149 3392 246 3443 tertio
265 3396 293 3440 a
309 3393 363 3460 vig.
384 3405 460 3443 corr.
479 3389 561 3443 I'icb.
600 3388 658 3444 Sed
684 3387 818 3463 gradatio
844 3383 873 3438 h.
900 3385 921 3436 I.
951 3383 1044 3436 estin
1062 3381 1192 3435 numeris

13 3454 47 3506 ud
60 3459 193 3516 similem
216 3461 377 3516 memoriae
401 3463 513 3534 lapsum
532 3471 583 3516 aut
601 3461 763 3515 dissensum
780 3457 868 3512 rerba
886 3472 984 3526 praec.
1003 3455 1073 3507 XIX
1089 3458 1193 3508 aetatis

13 3543 36 3578 Ιι
49 3535 212 3588 aurenca
253 3533 405 3601 „Fortasse
433 3534 503 3589 ordo
533 3541 710 3588 commatum
738 3529 816 3584 haud
843 3530 961 3604 integer
979 3534 1022 3579 est
1042 3535 1071 3581 ct
1088 3527 1129 3579 ita
1145 3544 1194 3580 re·

13 3593 130 3659 bandus:
163 3610 263 3660 altero
290 3616 319 3661 et
343 3611 474 3680 vigesimo
498 3611 616 3662 Asinius
643 3606 735 3660 Pollio
754 3604 782 3657 C.
803 3603 952 3664 Catonem,
970 3599 1033 3652 ΠῙο
1051 3599 1101 3651 vel
1118 3598 1195 3652 IIIIo

13 3671 70 3729 tta
88 3679 195 3736 Caesar
214 3681 402 3735 Dolabellam.
440 3682 497 3736 Sed
523 3685 612 3735 altero
641 3679 745 3732 Latine
775 3677 833 3729 dici
861 3691 944 3747 posse
968 3689 1029 3726 non
1057 3671 1194 3739 arbitror,

13 3745 92 3824 §aaa
115 3752 311 3808 antecedat.”
339 3755 422 3809 Osars.
466 3755 596 3822 „Quidni
618 3753 714 3806 vero?
747 3749 795 3804 Sic
820 3751 909 3802 altero
933 3749 1060 3802 vicesimo
1085 3745 1129 3798 die
1148 3763 1192 3817 ap.

13 3825 84 3892 ΜΡ.
102 3827 139 3879 ad
157 3829 239 3881 fam.
260 3828 314 3890 12,
334 3830 464 3898 25.p1·.”
497 3829 569 3882 Orel.
605 3829 732 3881 uicesimo
751 3821 814 3876 cdd.
835 3839 894 3876 rec.
912 3820 963 3874 sed
979 3821 1111 3891 vigesimo
1130 3819 1194 3872 edd.

13 3891 41 3954 lt·
57 3899 111 3952 Put.
131 3901 206 3954 Riv.
231 3899 297 3954 Ber.
317 3898 407 3954 Ilhcn.
427 3900 493 3954 Ald.
514 3901 593 3973 Lips.
631 3899 806 3952 Dolabellam
835 3893 899 3948 edd.
927 3893 992 3947 ber.
1015 3891 1108 3947 Ilbsnss
1126 3899 1195 3958 tres,

13 3961 72 4044 lset
88 3990 144 4026 rec.
185 3974 369 4028 Dolabellam
394 3973 438 4028 ed.
465 3991 512 4044 pr.
542 3976 604 4027 Put.
623 3973 687 4026 Riv.
708 3971 761 4024 Dr.
798 3967 876 4035 „Sed
893 3966 994 4037 prior,
1021 3981 1082 4020 non
1105 3965 1197 4018 altera

13 4046 98 4108 ”Plura
116 4047 151 4100 in
172 4046 280 4100 narnis
299 4053 329 4100 et
347 4045 456 4116 Iapidd.
477 4048 636 4117 reperitur.
671 4064 697 4097 v.
724 4041 841 4096 Rascbii
868 4041 938 4094 Lex.
958 4039 1003 4094 rei
1021 4056 1100 4091 num.
1120 4035 1149 4090 h.
1167 4053 1196 4120 J.

13 4109 127 4172 ibtkbel.
149 4119 256 4174 doctr.
277 4137 357 4172 num.
377 4119 410 4172 Τ.
430 4119 478 4174 IV.
496 4137 526 4190 p.
547 4125 609 4176 139.
630 4118 709 4174 1to.”
737 4117 781 4169 Os.
819 4113 862 4167 Cf.
883 4111 971 4168 Drak.
991 4111 1027 4166 ad
1045 4109 1107 4162 niv.
1129 4115 1198 4178 epit.

13 4175 89 4233 ¹1-
120 4195 220 4247 altero
248 4201 275 4245 et
302 4195 454 4264 vigesimo,
470 4193 629 4267 ‘vigesimo
655 4187 796 4253 secundo,
824 4191 961 4258 (propter
983 4199 1080 4256 praec.
1101 4199 1156 4234 uno
1175 4189 1202 4232 et

13 4255 105 4324 binos
122 4267 254 4338 primo:
292 4283 382 4337 quare
402 4265 453 4318 hic
472 4266 553 4318 Iocus
573 4271 674 4318 notatu
694 4261 818 4336 dignus;
845 4259 950 4313 Scbulz.
987 4257 1068 4310 Alter
1092 4255 1124 4307 in
1148 4271 1202 4306 nu·

13 4337 99 4390 muto
117 4339 214 4394 modo
234 4345 381 4409 primum,
416 4338 503 4392 modo
521 4339 667 4394 secandum
686 4333 849 4409 significat,
883 4339 912 4386 ct
929 4331 972 4384 ris
991 4328 1053 4380 eius
1071 4343 1205 4382 nonnun-

13 4413 58 4458 Ἢ
73 4409 153 4468 tntis
175 4419 237 4468 cet.
279 4413 362 4468 Conf.
383 4411 455 4465 Ern.
477 4411 551 4467 clav.
573 4411 633 4466 Cic.
666 4409 799 4468 matter,
825 4407 929 4460 Graes.
950 4401 984 4454 ad
1004 4399 1064 4454 Cic.
1083 4399 1156 4455 Phil.
1177 4405 1203 4465 1,
