2756 4792
188 147 251 242 aas
493 171 717 240 omnocos
739 173 797 238 ou
820 172 1107 240 omromnus

186 345 250 410 lius
270 345 415 408 bonores
435 343 693 428 assequebatur,
730 349 823 406 tanto
851 346 955 488 maqis
982 345 1018 405 in
1040 345 1122 428 ipsis
1145 343 1307 406 bonodbus
1323 341 1368 402 ool·

186 432 274 516 legas
301 447 378 491 suos
406 429 568 500 anteibat,
605 435 699 490 tanto
727 428 802 510 plus
834 446 901 510 apu
951 429 1120 510 principes
1147 429 1285 514 gratiae,
1316 425 1368 506 plu

185 514 397 576 auctoritatis
418 510 509 596 apud
529 509 664 590 Patres,
695 511 770 594 plus
792 511 929 572 notitiae
950 531 989 572 ac
1010 513 1154 572 nominis
1175 508 1259 594 apud
1277 509 1368 590 plebem

209 596 336 658 arabat.
381 595 430 656 Hi
458 595 617 656 clientelis
639 596 737 656 etiam
759 603 949 656 exterarum
970 597 1143 656 nationum
1165 591 1368 661 redundabant;

184 617 245 742 Bos
266 681 353 742 ituri
373 681 410 740 in
435 679 627 762 provincias
653 679 867 762 magistratus
895 679 1157 757 reverebantur,
1196 677 1253 740 hos
1278 675 1368 738 reversi

183 763 353 840 colebant5
391 763 453 824 hos
485 769 518 824 et
538 769 717 845 praeturae
738 769 772 822 et
792 761 981 823 consulatus
1002 781 1124 824 vocare
1145 762 1234 823 ultro
1254 757 1368 823 vitelas.

184 855 258 910 tur:
294 847 331 910 hi
351 866 393 908 ne
414 848 540 930 privati
562 843 696 928 quidem
717 845 789 906 sine
810 853 971 928 potestate
991 853 1104 924 erant,
1133 865 1236 928 quum
1253 853 1284 907 et
1299 863 1368 926 popu

185 932 257 992 lum
289 939 323 992 et
354 939 506 992 senatum
534 930 671 991 consilio
700 937 733 992 et
759 929 958 990 auctoritato
984 937 1148 1013 regerent.
1201 928 1284 1010 Quin
1303 931 1368 988 innl

183 1015 248 1076 sibi
269 1015 337 1098 ipsi
358 1021 605 1096 persuaserant,
627 1015 793 1074 neminem
807 1013 879 1073 sine
895 1013 1082 1094 eloquentia
1096 1021 1155 1074 aut
1175 1015 1297 1094 assequi
1307 1011 1368 1094 possl

182 1099 220 1158 in
241 1098 380 1160 ciuitate
400 1105 459 1157 aut
478 1097 569 1158 tueri
591 1099 807 1180 conspicuum
827 1103 861 1158 et
881 1096 1079 1158 eminentem
1100 1097 1219 1157 locum.
1260 1095 1320 1158 Nee
1335 1097 1368 1156 ml

184 1197 280 1260 rum,
306 1199 410 1264 quum
433 1180 532 1241 etiam
554 1181 654 1242 inviti
674 1177 716 1240 ad
738 1179 900 1263 populum
920 1177 1208 1261 producerentm·3
1231 1201 1320 1261 quum
1337 1200 1368 1261 pa

183 1283 261 1326 rum
283 1271 390 1342 esset,
422 1263 458 1323 in
481 1271 598 1325 senatu
618 1264 767 1326 breviter
788 1281 942 1342 censere,
974 1265 1039 1324 nisi
1060 1265 1119 1346 qui
1140 1265 1271 1350 ingenio
1290 1274 1317 1325 et
1333 1267 1368 1324 el

184 1349 323 1432 quentia
344 1349 541 1410 sententiam
562 1367 656 1408 suam
677 1353 848 1423 tueretur,
887 1366 991 1428 quum
1021 1349 1059 1414 in
1089 1347 1234 1430 aliquam
1251 1281 1368 1420 inadsd

183 1439 243 1494 aut
264 1431 393 1494 crimen
413 1433 524 1493 vocati
545 1450 606 1492 sua
625 1449 708 1494 voce
728 1427 995 1512 respondendum
1022 1430 1204 1506 haberent3
1237 1435 1368 1514 quanti

184 1515 343 1576 alimonia
365 1532 498 1598 quoque
518 1516 554 1575 in
575 1515 717 1597 publicis
737 1519 804 1575 non
826 1514 976 1576 absentes
990 1533 1051 1576 nec
1065 1533 1127 1598 per
1147 1514 1297 1578 tabellam
1314 1513 1331 1575 d

183 1596 242 1660 sad
262 1615 379 1659 coram
401 1605 434 1658 et
454 1605 644 1681 praesentes
666 1597 777 1659 dicere
799 1605 1007 1682 cogerentur.
1050 1597 1101 1658 lta
1129 1595 1172 1659 ad
1203 1515 1368 1668 summadld

230 1683 342 1743 entiae
387 1683 512 1742 raemia
532 1701 585 1742 ma
631 1683 771 1742 aetiam
792 1684 970 1743 necessitas
991 1679 1177 1768 accedebat,
1197 1691 1233 1745 et
1252 1701 1352 1764 quomo

155 1837 163 1846 ἱ
208 1767 348 1827 'ertum
362 1701 486 1826 baberi
506 1766 584 1848 pulc
608 1785 685 1826 rum
707 1773 740 1827 et
759 1765 961 1848 gloriosum,
1001 1767 1049 1826 sic
1079 1775 1198 1826 contra
1226 1774 1342 1828 mutum

183 1849 353 1934 elinguem
382 1845 492 1912 videri
521 1847 670 1911 deforme
697 1847 891 1912 habebatur.
941 1847 1030 1934 Ergo
1061 1867 1127 1911 non
1156 1851 1270 1912 minus
1290 1851 1368 2088 rubop

182 1952 285 2016 quam
306 1933 465 2014 praemiis
486 1932 761 2012 stimulabantur,
782 1953 825 1994 ne
838 1932 1073 1994 clientulorum
1088 1933 1160 1994 loco
1182 1935 1293 2016 potius
1312 1953 1347 2015 qu

181 2025 407 2101 patronorum
427 2023 706 2094 numerarentur,
727 2035 770 2078 ne
790 2013 934 2078 uaditae
954 2035 974 2076 a
995 2016 1179 2078 maioribus
1200 2019 1351 2080 necessita

181 2119 242 2162 nes
262 2095 308 2159 ad
329 2098 410 2159 alios
431 2101 634 2178 transirent,
674 2119 717 2162 ne
745 2107 904 2182 tanquam
930 2099 1056 2160 inertes
1085 2109 1118 2162 et
1144 2119 1214 2162 non
1242 2089 1368 2166 suffusi

181 2181 368 2246 honoribus
389 2189 534 2244 autnon
555 2185 774 2268 impetrarent
793 2191 852 2247 aut
872 2183 1067 2268 impetratos
1088 2185 1174 2248 male
1195 2193 1368 2248 tuerentur.

255 2341 280 2392 1.
321 2334 428 2407 Magna
445 2337 603 2406 eloquentia
621 2345 693 2404 cst,
724 2336 760 2392 de
786 2355 864 2392 nexu
890 2353 991 2393 remam
1018 2355 1046 2391 v.
1074 2337 1109 2390 ad
1134 2354 1198 2409 cap.
1219 2341 1266 2396 35.
1286 2357 1313 2392 n.
1331 2323 1368 2394 bl

182 2418 211 2466 et
227 2409 351 2464 motibus
368 2411 521 2471 eseitetm,
541 2425 578 2462 en
597 2410 741 2497 insignem
758 2411 840 2481 tropi
860 2410 1049 2484 elegantiam,
1084 2427 1177 2480 quum
1205 2422 1300 2466 motus
1324 2419 1349 2464 et

183 2481 335 2538 affectibus
355 2481 538 2548 animorum,
558 2490 588 2536 at
606 2483 641 2538 de
662 2501 731 2559 agne
749 2483 874 2538 flabellis
893 2481 1040 2536 sufflando
1060 2483 1158 2554 accipi
1177 2487 1289 2554 possit;
1309 2483 1358 2536 Sele

181 2559 359 2627 praeteritet
385 2553 489 2608 deinde
515 2555 605 2610 tribui
630 2563 659 2610 et
679 2557 766 2627 plura
796 2559 851 2624 (sc.
872 2573 960 2626 quam
978 2571 1057 2608 nunc
1074 2557 1275 2624 assequimur)
1293 2555 1368 2612 tacita

183 2628 283 2700 hipsiu
304 2643 320 2680 s
339 2643 363 2679 c.
383 2626 469 2680 Fam.
489 2637 626 2700 receptu
648 2629 720 2684 Orel.
749 2647 778 2683 v.
798 2630 833 2683 ad
853 2645 877 2682 e.
899 2633 924 2682 1.
942 2645 971 2681 n.
990 2631 1016 2684 3.
1054 2629 1091 2680 ln
1115 2627 1180 2683 edd.
1209 2640 1271 2686 ret.
1294 2649 1354 2701 pere

183 2709 213 2756 et
231 2701 322 2756 imbui
339 2706 369 2753 et
383 2701 521 2770 pleraque.
539 2729 576 2740 —
594 2701 690 2756 bomem
708 2719 809 2774 quoque
827 2709 981 2773 temporum
1000 2708 1123 2754 oratores
1142 2719 1176 2756 ea
1195 2708 1332 2758 consecuti

182 2791 221 2828 sc.
241 2772 391 2844 praemia,
416 2789 489 2841 quaa
506 2774 594 2842 paulo
611 2783 678 2844 post
696 2783 911 2828 memorantur:
948 2773 1022 2842 Quae
1043 2777 1160 2845 singula
1181 2785 1241 2830 cet.
1281 2777 1356 2830 Gaul.

183 2847 255 2900 Anu.
275 2850 327 2912 11,
347 2847 372 2900 7.
392 2872 428 2884 —
465 2849 618 2915 conposita
643 2855 672 2899 et
695 2853 789 2919 quieta
807 2857 835 2900 et
852 2847 932 2900 beuta
950 2863 1006 2918 rep.
1025 2855 1059 2898 ut
1078 2865 1102 2900 c.
1122 2851 1167 2902 tl.
1186 2865 1238 2919 pr.
1269 2851 1336 2902 ada

181 2922 337 2988 composita
355 2919 472 2981 civitas,
490 2925 525 2970 ut
542 2919 579 2973 al.
599 2919 673 2974 bene
693 2921 868 2985 constituta,
895 2919 1036 2974 ordinata.
1074 2920 1153 2974 llaec
1178 2921 1219 2974 ad
1246 2923 1368 2991 Princip

183 2999 213 3046 et
235 2989 364 3044 maxima
390 2989 558 3060 Vespasiani
581 2991 681 3046 laudes
706 2995 832 3058 referas3
859 2993 936 3046 Brut.
955 3021 992 3032 ·-
1028 2997 1085 3046 ista
1110 2995 1327 3062 permutatione
1367 2987 1368 2998 ¹

181 3079 273 3134 paene
291 3077 402 3116 omnes.
439 3065 492 3116 ille
505 3083 536 3134 p.
556 3063 634 3119 MSS.
653 3065 716 3119 Vat.
737 3066 782 3120 ed.
802 3067 851 3119 Dr.
872 3066 917 3120 Os.
937 3065 983 3120 Or.
994 3095 1031 3106 -
1048 3069 1147 3118 mistis
1166 3071 1300 3123 omnebus
1317 2999 1368 3124 ald

181 3137 307 3188 deratore
335 3153 389 3188 uno
417 3137 592 3203 carentum,-
621 3137 699 3192 unde
727 3139 829 3193 eodem
854 3156 938 3193 sensu
959 3155 1028 3192 mox
1046 3138 1157 3192 dicitur
1175 3149 1294 3196 ermeli
1306 3161 1344 3214 po

182 3207 225 3262 cf.
246 3207 282 3260 ad
299 3223 362 3278 cup.
382 3211 426 3263 40.
447 3227 475 3262 n.
495 3213 520 3266 6.
540 3238 576 3250 ·-
610 3217 720 3265 tantm
738 3216 849 3284 quisque
867 3219 964 3264 orator
979 3220 1105 3281 saperet,
1129 3213 1254 3282 sapiens
1275 3213 1356 3268 existi

181 3287 265 3335 retur
283 3285 312 3333 et
331 3279 466 3334 facundia
484 3282 611 3353 sapienti
630 3283 778 3354 praeditus
798 3301 858 3338 asse
874 3283 1035 3338 videretur.
1074 3283 1165 3351 „Fuit
1183 3303 1286 3354 quum
1303 3303 1368 3358 ΡΜ

178 3359 256 3423 peret
273 3351 395 3406 mallem
413 3357 532 3421 sales-etp
551 3355 628 3409 illud
645 3365 746 3411 tamen
764 3358 868 3411 melius
887 3357 990 3411 multo.
1027 3355 1071 3409 Ad
1086 3359 1263 3427 persuaderi
1282 3345 1368 3426 intelll

178 3445 239 3480 eum
256 3443 368 3497 sapere,
385 3433 420 3478 ut
438 3427 605 3482 Heumanni
622 3431 783 3498 persuadere
800 3429 887 3483 facile
906 3431 1084 3484 careamus.”
1102 3429 1283 3487 Rauelsenst.
1367 3423 1368 3452 ¹

248 3519 275 3574 2
313 3516 390 3571 Hinc
407 3520 479 3589 leges
497 3520 622 3573 assidam
640 3521 676 3573 ad
693 3521 836 3592 populum
855 3519 930 3574 latae
958 3527 987 3574 et
1009 3520 1059 3573 vel
1082 3537 1198 3589 suasae,
1233 3525 1290 3578 rel
1316 3524 1332 3576 d

177 3607 233 3644 sae.
251 3617 288 3630 -·
315 3597 343 3644 at
359 3595 493 3662 populare
512 3611 623 3657 nomas,
643 3595 768 3664 species,
788 3611 874 3664 quam
894 3599 1022 3647 oratores
1040 3593 1302 3662 praetendebant,
1323 3539 1368 3704 §gd

199 3663 243 3716 uli
262 3663 421 3716 commodis
441 3665 587 3720 inservire
605 3667 703 3733 velle,
722 3667 770 3720 der
787 3665 1014 3732 Patriotentitels
1035 3665 1140 3719 tenuta.
1177 3667 1249 3723 Der
1270 3669 1358 3724 Nosne

177 3679 497 3864 {titillabit
516 3737 724 3866 llt‘llll.
745 3742 795 3867 ¹3:
818 3743 886 3866 ³.⁹'.
902 3738 1045 3866 illm
1064 3739 1360 3870 3ῗῖῗέἓὲῗά

177 3879 279 3933 Hemn.
300 3879 369 3932 coll.
389 3881 452 3936 Liv.
471 3887 508 3950 2,
528 3887 565 3940 42
579 3885 655 3939 med.
679 3885 731 3938 ubi
756 3831 968 3957 lesgcpopuglraris
992 3830 1105 3938 dicdtuld·
1132 3889 1274 3960 agraria.
1297 3921 1332 3932 -
1362 3907 1368 3970 p

176 3955 268 4006 aiones
285 3955 503 4032 magistratuum
521 3957 599 4027 Lips.
620 3957 780 4012 restituite
800 3957 857 4013 MS.
877 3957 964 4011 Farn.
1001 3976 1023 4011 e.
1042 3961 1247 4028 migrantium
1278 3963 1368 4034 addp

177 4024 255 4094 qnod
274 4041 290 4076 a
306 4027 426 4082 concisa
451 4029 564 4083 ratione
590 4030 737 4084 scribendi
762 4039 879 4097 natum3
905 4030 979 4102 Lips.
999 4059 1036 4070 ·-
1067 4048 1155 4100 paene
1177 4039 1368 4116 pernoctant

176 4103 208 4152 in
226 4101 343 4159 rostris,
376 4108 410 4152 ut
431 4119 475 4172 ap.
504 4100 564 4156 oie.
584 4119 612 4172 p.
632 4105 705 4158 Mur.
725 4108 752 4160 9.
774 4111 803 4158 et
821 4103 856 4158 de
876 4119 918 4157 or.
940 4109 973 4170 1,
991 4106 1036 4160 62.
1075 4101 1212 4156 babitare
1244 4113 1281 4162 in
1300 4109 1368 4178 sord

174 4175 205 4226 in
223 4173 361 4226 subselliis
380 4171 415 4226 de
434 4173 487 4242 iis,
518 4175 569 4245 qui
595 4175 697 4230 crebro
724 4194 821 4231 causas
844 4183 950 4252 agunt,
982 4185 1058 4246 etp.
1078 4175 1174 4228 Plano.
1199 4179 1253 4234 ²7.
1297 4179 1368 4252 babil

173 4247 204 4296 in
222 4245 308 4298 aculis
322 4247 441 4314 populi,
473 4248 508 4304 ds
527 4246 582 4313 iis,
613 4250 664 4318 qui
682 4249 794 4304 assidue
812 4249 844 4302 in
863 4249 950 4314 urbe,
982 4249 1049 4302 foro
1068 4255 1097 4301 et
1115 4249 1328 4309 concionibus
1348 4253 1368 4328 sl

208 4334 241 4370 n.
262 4314 334 4369 clav.
356 4317 417 4372 cie.
455 4319 603 4376 Similiter
627 4323 869 4393 ap.Petron.15.
907 4323 1039 4378 densati
1053 4339 1141 4392 paene
1159 4331 1314 4382 nocturni
1334 4335 1368 4398 et}

1362 4421 1368 4484 l
