2904 4802
488 192 632 262 CAPUT
662 197 838 262 XXXVII.
1224 204 1284 268 451

46 361 330 430 &valentiaeque
349 359 454 426 affert3
473 363 542 418 Era.
562 363 637 418 clar.
659 363 720 418 Cic.
740 379 767 416 v.
789 364 825 420 ad
844 365 918 418 Ana.
940 368 973 428 1,
992 369 1026 432 9,
1046 367 1073 420 3.
1093 393 1129 406 ·-
1152 385 1207 420 aaa
1225 369 1283 438 cuj*-

38 431 144 500 sature
170 433 342 495 sonoritas,
368 453 395 486 s.
415 434 451 488 ad
469 435 546 488 Anu.
567 441 602 501 1,
623 441 674 503 13,
694 441 719 492 1.

474 617 670 672 CAPUT
707 615 843 672 xxxvu

128 745 257 809 Nescio
279 763 320 807 an
342 749 499 810 venerint
520 749 555 808 in
578 767 697 808 manns
718 755 847 808 vestras
869 746 950 808 haec
971 752 1108 826 vetera,
1142 765 1228 831 quae
1249 753 1283 810 ct

41 829 267 913 antiquorum
287 831 495 892 bibliothecis
517 829 625 898 adhuc
647 839 781 891 manent
811 839 844 891 et
874 849 977 911 quum
997 832 1139 894 maxime
1161 853 1181 892 a
1202 830 1282 892 Mu-

42 917 141 974 ciano
165 914 415 976 contrahuntur
436 934 475 976 ac
495 915 563 976 iam
586 911 763 995 undecim,
785 921 824 974 ut
845 915 977 997 opinor,
999 913 1162 975 Actorum
1183 914 1282 978 libris

42 1008 74 1058 et
95 999 214 1060 tribus
235 997 460 1080 Epistularum
482 999 664 1080 composita
695 1007 728 1060 et
756 995 845 1060 edita
865 1006 953 1060 sunt.
997 995 1045 1058 Ex
1066 995 1119 1058 his
1141 998 1246 1060 intelli
1270 999 1282 1060 i

41 1089 173 1164 potest,
212 1077 272 1144 Cu.
303 1080 497 1164 Pompeium
530 1090 564 1143 et
584 1080 742 1144 Marcum
763 1080 920 1142 Crassum
942 1097 1009 1142 non
1030 1081 1162 1144 viribus
1183 1018 1281 1144 modo

42 1175 74 1226 et
94 1167 223 1243 arusie,
253 1164 311 1226 sed
331 1167 466 1252 ingenio
487 1185 620 1248 quoque
641 1173 675 1226 et
696 1167 848 1226 oratione
868 1165 1035 1239 valuisset
1067 1163 1228 1226 Lentulos
1250 1173 1283 1228 et

42 1247 204 1309 Metellos
232 1260 265 1310 et
293 1248 451 1309 Lucullos
483 1257 516 1310 et
537 1247 701 1310 Curiones
728 1256 761 1308 et
781 1255 926 1310 ceteram
947 1266 1127 1330 procerum
1148 1267 1284 1310 manum

42 1334 192 1392 multum
213 1334 249 1392 in
271 1333 323 1393 his
346 1331 466 1396 studiis
488 1351 610 1415 operae
631 1351 798 1414 curaeque
819 1333 988 1415 posuiss03
1011 1349 1073 1392 nec
1094 1351 1283 1415 quenquam

41 1418 108 1477 illis
134 1417 347 1498 temporibus
369 1435 520 1502 magnam
541 1417 723 1498 potentiam
750 1417 822 1477 sine
844 1415 1031 1498 eloquentia
1054 1427 1280 1478 consecutum.

42 1503 107 1564 His
133 1498 316 1562 accedebat
337 1497 494 1582 splendor
515 1519 630 1560 rerum
654 1507 687 1560 et
708 1497 901 1588 magnitudo
923 1517 1120 1578 causarum,
1143 1519 1228 1580 quae
1250 1507 1285 1560 et

41 1586 118 1666 ipsa
148 1585 337 1666 plurimum
365 1584 573 1665 eloquentiae
605 1591 784 1665 praestant.
842 1581 929 1644 Nam
959 1582 1101 1643 multum
1131 1583 1281 1652 interest,

5 1685 6 1694 ¹
42 1679 211 1730 utrumne
239 1665 280 1728 de
309 1669 401 1728 furto
431 1676 493 1727 aut
522 1668 667 1742 termula
698 1674 733 1728 et
751 1664 932 1729 interdicto
954 1663 1131 1726 dicendum
1151 1665 1283 1736 habeas,
1331 1673 1340 1683 “

5 1817 6 1820 Ἴ
41 1772 82 1812 an
108 1749 154 1812 de
176 1750 305 1811 ambitu
327 1751 558 1829 comitiorum,
594 1751 746 1834 expilatis
768 1752 867 1811 sociis
888 1758 923 1810 et
943 1749 1074 1812 civibus
1096 1747 1282 1810 trucidatis.

5 2111 7 2156 l

5 1891 6 1898 ,
42 1836 141 1917 Quae
164 1835 253 1894 mala
274 1837 362 1896 sicut
382 1851 449 1894 non
471 1831 623 1896 accidere
643 1834 761 1896 melius
783 1842 834 1895 est
853 1835 950 1915 isque
970 1835 1116 1916 optimus
1138 1832 1284 1895 civitatis

42 1927 154 1980 status
177 1916 351 1978 habendus
374 1927 443 1996 est,
466 1935 533 1999 quo
555 1917 638 1980 nihil
660 1917 725 1978 tale
746 1919 912 2002 patimur3
942 1918 1008 1986 ita,
1032 1934 1136 1998 quum
1157 1913 1286 1976 accide-

41 2013 142 2080 rent,
182 2003 351 2086 ingentem
370 1995 586 2084 'eloquentiae
613 2001 786 2062 materiam
808 1999 1112 2062 subministrabant.
1157 1995 1287 2060 Crescit

42 2089 138 2150 enim
161 2105 242 2146 cum
262 2083 483 2166 amplitudine
504 2104 619 2146 rerum
639 2086 693 2148 vis
714 2085 860 2170 ingenii,
883 2102 944 2146 nec
965 2084 1142 2166 quisquam
1163 2082 1286 2143 claram

42 2181 74 2232 et
96 2171 269 2232 illustrem
290 2169 477 2232 orationem
499 2170 633 2230 efficere
654 2175 780 2251 potest,
820 2167 886 2230 nisi
915 2168 975 2250 qui
1008 2185 1143 2228 causam
1170 2185 1287 2248 parem

41 2255 192 2316 invenit.
241 2249 319 2314 Non
350 2253 472 2334 opinor
498 2251 757 2314 Demosthenem
786 2253 955 2313 orationes
981 2251 1165 2319 illustrant,
1204 2267 1286 2331 quas

42 2337 214 2399 adversus
235 2343 364 2396 tutores
386 2355 464 2396 suos
486 2338 693 2417 composuit3
731 2355 793 2396 nec
815 2331 1010 2396 Ciceronem
1033 2351 1189 2416 magnum
1211 2351 1287 2393 ora-

5 2487 6 2496 ,
42 2431 158 2482 torem
182 2419 216 2480 P.
240 2418 417 2500 Quinctius
439 2417 591 2480 defensus
613 2428 672 2480 aut
693 2418 845 2480 Licinius
867 2417 1007 2480 Archias
1028 2417 1173 2476 facinnt=
1198 2412 1288 2476 Cati-

42 2508 114 2566 lina
147 2511 184 2566 et
212 2501 297 2563 Milo
326 2511 360 2564 et
384 2501 522 2576 Verres
543 2511 576 2564 et
597 2501 762 2564 Antonius
785 2501 869 2563 hanc
890 2501 939 2560 illi
960 2503 1079 2561 lamam
1102 2496 1287 2560 circumde-

5 2581 6 2644 j
44 2588 197 2664 derunt3
234 2605 318 2664 non,
347 2587 427 2668 quia
451 2587 536 2646 tanti
566 2588 632 2646 luit
660 2588 713 2646 rei
741 2584 914 2668 publicae,
947 2583 1048 2643 malos
1071 2585 1161 2643 ferre
1183 2583 1286 2659 cives,

5 2723 6 2730 ,
43 2683 84 2736 ut
121 2672 263 2736 uberem
293 2667 335 2730 ad
361 2665 539 2732 dicendum
559 2670 734 2732 materiam
755 2676 906 2729 oratores
927 2667 1103 2732 haberent,
1143 2663 1217 2742 sed,
1248 2673 1289 2726 ut

42 2753 196 2818 subinde
216 2751 393 2832 admoneo,
417 2755 620 2835 quaestionis
641 2752 894 2814 meminerimus
916 2752 1146 2830 sciamusque,
1168 2765 1229 2808 nos
1246 2745 1287 2810 de

43 2861 84 2902 ea
110 2859 150 2900 re
173 2839 285 2920 loqui,
320 2855 405 2919 quae
431 2838 562 2897 facilius
592 2833 738 2896 turbidis
765 2842 800 2895 et
819 2835 979 2916 inquietis
1004 2831 1211 2913 temporibus
1233 2850 1288 2892 ex-

43 2925 148 2986 stitit.
205 2921 287 3002 Quis
309 2922 460 3010 ignorat,
496 2921 616 2981 utilius
638 2939 676 2980 ac
697 2919 815 2980 melius
838 2937 927 2998 esse,
960 2916 1030 2977 frui
1051 2933 1154 2998 paee,
1188 2933 1288 2996 quam

5 3065 6 3086 ,
44 3007 135 3069 bello
158 3005 300 3068 vexari?
343 3003 459 3066 Plures
491 3011 601 3065 tamen
630 3003 734 3064 bonos
759 3002 976 3084 praeliatores
996 2999 1080 3060 bella
1102 3017 1201 3080 quam
1222 3015 1288 3078 pax

5 3087 6 3146 l
46 3095 179 3153 ierunt.
222 3085 346 3149 Similis
369 3089 574 3169 eloquentiae
596 3084 751 3148 conditio.
796 3083 883 3145 Nam
910 3102 976 3167 quo
1004 3083 1135 3166 saepius
1157 3082 1289 3142 steterit

5 3197 6 3200 ¹
45 3183 212 3257 tauquam
233 3173 268 3232 in
291 3173 383 3249 acie,
422 3189 555 3253 quoqne
581 3169 694 3252 plures
717 3177 751 3231 et
770 3168 922 3230 intulerit
944 3169 1030 3228 ictus
1052 3173 1086 3228 et
1106 3165 1287 3247 exceperit,

5 3273 7 3334 t
45 3279 116 3341 quo
138 3258 249 3318 maior
269 3253 482 3317 adversarius
503 3261 537 3316 et
557 3256 705 3315 acriores
726 3272 852 3336 pugnas
874 3251 1031 3332 sibiipsa
1053 3247 1285 3330 desumpserit,

5 3345 6 3350 ’
45 3351 143 3404 tanto
166 3341 267 3400 altior
288 3347 322 3401 et
342 3338 503 3400 excelsior
532 3345 566 3399 et
590 3337 656 3398 illis
677 3337 849 3397 nobilitata
871 3333 1068 3394 criminibus
1089 3333 1125 3392 in
1146 3351 1206 3392 ore
1226 3330 1286 3392 ho·
1402 3375 1405 3382 .

46 3429 182 3487 minum
202 3425 286 3510 agit,
310 3441 456 3504 quorum
477 3441 516 3482 ea
537 3428 658 3482 natura
679 3427 745 3500 est,
768 3426 807 3480 ut
828 3436 947 3479 secura
968 3417 1084 3476 nolint.

121 3565 149 3616 1.
189 3557 290 3612 Nescio
309 3575 365 3620 aa,
393 3549 420 3610 i.
443 3555 479 3608 ad
497 3555 572 3608 Ann.
592 3558 626 3622 3,
646 3555 691 3611 53.
712 3581 750 3594 -
783 3558 813 3608 ia
839 3569 939 3606 marrus
965 3557 1072 3604 vestras
1098 3541 1190 3601 Rhen.
1209 3549 1237 3606 2.
1256 3551 1284 3604 3.
1372 3559 1375 3564 ·

47 3633 116 3686 Ald.
141 3639 174 3686 et
191 3649 251 3686 rec.
289 3635 320 3684 iu
336 3649 374 3684 m.
394 3636 506 3682 nostras
524 3629 638 3698 primae
658 3626 722 3680 edd.
742 3655 779 3666 -
809 3625 875 3679 baec
893 3632 984 3678 uetera
1003 3639 1042 3676 sc.
1063 3620 1191 3690 scripta,
1220 3627 1284 3672 acta

47 3716 77 3760 et
97 3705 250 3776 epistolae.
289 3704 355 3756 baec
373 3703 533 3756 aduersaria
551 3699 625 3755 coni.
645 3698 709 3769 Bip.
728 3727 765 3740 -
814 3717 865 3752 aaa
889 3705 917 3750 et
945 3699 1124 3766 antiquorum
1143 3691 1285 3746 bibliothe-

47 3785 88 3834 αἱ
107 3778 199 3842 adhue
215 3783 333 3830 manent
361 3775 405 3829 ed.
432 3773 509 3846 Spir.
536 3775 597 3826 Put.
618 3771 683 3826 Riv.
702 3771 767 3826 Ber.
836 3789 882 3824 en.
902 3777 978 3831 tres,
1007 3765 1073 3820 Ald.
1100 3765 1180 3836 Lips.
1206 3761 1281 3820 Pith.

47 3853 134 3906 Bern.
155 3850 248 3904 Gron.
286 3867 355 3922 qnae
380 3851 411 3902 in
435 3852 616 3918 antiquorum
640 3843 808 3900 bibliothecis
836 3842 891 3898 MS.
911 3843 973 3894 Vnt.
994 3841 1073 3896 1518.
1094 3837 1156 3892 edd.
1177 3838 1282 3892 ileum.

47 3925 120 3978 Era.
142 3924 187 3978 Os.
208 3923 291 3976 aliae.
330 3941 399 3993 quae
426 3929 452 3976 et
479 3925 511 3974 in
538 3927 598 3974 aru.
621 3917 684 3972 bibl.
704 3918 766 3970 Vat.
788 3917 867 3974 1862.
888 3914 931 3969 ed.
951 3915 1030 3966 Brot.
1051 3919 1080 3966 et
1097 3909 1164 3964 sch.
1201 3912 1283 3964 Aust·

48 4001 99 4067 qui
113 3996 142 4050 h.
165 3997 186 4050 l.
206 4003 277 4048 sunt
296 3995 336 4060 ii,
368 4011 495 4062 quorum
513 3999 592 4046 aetas
610 3989 646 4042 ad
664 3990 766 4060 priora
786 3990 841 4042 illa
858 3995 1008 4056 tempora,
1033 3983 1135 4053 quibus
1154 3991 1282 4037 oratores

48 4069 98 4122 illi
115 4067 313 4124 laudatissimi
332 4065 553 4130 inclaruerunt,
574 4063 712 4138 vergebat
729 4079 763 4114 ac
782 4077 875 4131 paene
895 4057 1095 4131 contingebam
1119 4055 1164 4108 Os.
1202 4055 1281 4121 „lta-
1365 4097 1378 4124 ‚

48 4160 106 4211 que
121 4141 260 4196 homines
278 4139 481 4213 octogenarii,
519 4135 709 4210 nonagenarii
727 4142 756 4188 et
774 4135 799 4188 si
818 4132 870 4202 qui
888 4132 1013 4184 maiores
1033 4136 1103 4182 natu
1122 4127 1281 4181 etiamtunc

50 4219 242 4284 supererautt
262 4219 292 4266 et
309 4211 446 4266 homines
465 4210 623 4264 etiamtunc
641 4208 772 4260 viventes
791 4214 820 4259 et
839 4203 972 4272 aequales
992 4199 1137 4261 Ciceroni,
1156 4207 1189 4250 nt
1203 4215 1227 4252 c.
1237 4199 1282 4252 21.

48 4289 85 4340 ili
104 4305 173 4344 rere
195 4285 303 4339 Latius
323 4300 464 4352 nusquam
483 4286 596 4352 antiqui
614 4279 766 4346 dicuntur,
793 4277 843 4333 sed
860 4280 994 4336 seniores,
1018 4279 1051 4326 ut
1069 4271 1144 4326 Anu.
1165 4275 1216 4336 11,
1236 4271 1280 4328 27.

49 4361 174 4437 Egregia
196 4366 240 4414 est
262 4355 427 4412 emendatio
445 4353 589 4410 Schurall.
627 4369 695 4425 quac
721 4359 749 4404 ct
773 4354 805 4404 ia
831 4353 1058 4498 anttqurqorum
1077 4346 1118 4411 (v.
1137 4343 1174 4397 ad
1192 4360 1217 4396 c.
1236 4344 1281 4399 21.
