2894 4802
168 206 229 268 too
343 135 566 265 otnnoeds
588 197 646 260 DE
669 195 955 262 acanonistos,
1000 197 1092 264 CAP.
1117 200 1221 264 XLll.

230 371 336 440 niet,
359 368 469 450 inquit
489 365 681 445 Maternus,
715 375 827 450 postea
848 367 1013 428 arbitratu
1035 375 1093 429 tuo
1116 377 1169 448 et,
1200 371 1229 430 si
1251 388 1319 452 qua
1339 367 1410 428 tibi

170 457 311 517 obscura
332 451 367 514 in
390 453 453 512 hoc
475 469 547 512 meo
570 469 721 514 sermone
741 453 814 514 uisa
836 459 932 530 snut,
972 449 1013 512 de
1035 451 1087 512 his
1109 471 1229 516 rursus
1252 453 1411 514 coniere-

173 559 255 600 mus.
303 539 349 597 Ac
376 535 473 597 simul
503 549 679 618 assurgens
708 543 740 596 et
767 535 897 617 Aprum
919 535 1128 618 complexus,
1162 535 1248 623 Ego,
1280 537 1411 617 inquit,

171 633 204 686 te
225 623 353 706 poetiss
382 617 543 698 Messala,
566 620 764 700 antiquariis
786 619 1050 680 criminabimur.
1095 622 1139 682 at
1160 641 1221 705 ego
1242 641 1302 684 vos
1326 620 1411 680 rhe-

172 705 301 768 toribus
323 712 356 767 et
376 703 595 780 scholasticis,
619 703 737 784 inquit.

254 790 366 870 Quum
387 789 596 865 arrisissent,
619 784 839 848 discessimus.

244 911 269 960 l.
307 906 437 958 Finierat
454 902 611 956 Maternus.-
638 902 735 969 „Hinc
755 904 898 980 colligere
919 903 1010 970 licet,
1031 919 1116 972 quam
1136 905 1229 958 multa
1247 901 1318 956 huic
1337 924 1411 975 syn-

173 979 294 1054 tagmati
315 977 416 1031 desint.
455 971 556 1045 Neque
577 973 654 1028 enim
673 973 791 1028 initium
811 977 953 1030 sennonis
972 977 1097 1030 Materni
1117 985 1226 1044 exstat,
1261 977 1311 1031 sed
1331 977 1410 1030 haec

173 1053 269 1106 omnia
293 1052 480 1104 continenter
504 1047 555 1101 sub
580 1047 714 1102 Messalae
733 1065 858 1120 persona
877 1051 1048 1124 leguntur.”
1071 1049 1149 1120 Lips.
1182 1068 1209 1102 v.
1230 1049 1265 1102 ad
1284 1067 1347 1121 cap.
1370 1053 1412 1106 35

174 1133 246 1179 extr.
267 1154 302 1164 -
337 1123 433 1194 quibas
452 1121 666 1174 contradicerem
674 1141 685 1185 ,-
716 1123 882 1187 „Maternus
908 1137 1014 1192 nempe
1034 1121 1184 1175 adiuverat
1204 1119 1324 1191 quidem
1346 1142 1413 1176 ser·

169 1203 288 1252 ‘inanem
308 1195 443 1249 Messalae
463 1211 633 1263 causamque
653 1191 823 1248 imminutae
842 1193 1029 1264 eloquentiae
1054 1193 1227 1262 addiderat,
1261 1196 1311 1249 sed
1336 1213 1410 1248 cum

175 1269 386 1342 improbatione
404 1268 538 1338 priorum
559 1265 741 1320 saeculorum
761 1273 788 1321 ct
809 1267 977 1334 turbarum,
1018 1285 1090 1336 quae
1118 1265 1211 1320 libera
1238 1285 1299 1338 rep.
1323 1270 1411 1322 cxci-

174 1343 233 1396 tari
252 1341 401 1408 solebant,
432 1337 462 1392 id
481 1338 558 1408 quod
577 1339 726 1406 Messalae,
755 1341 945 1410 antiquorum
965 1347 1133 1410 temporum
1153 1337 1314 1408 laudatori,
1345 1359 1412 1395 non

174 1415 294 1470 osnnino
314 1413 497 1484 probabatur.
536 1413 643 1464 lllirmn
662 1429 733 1466 vero
752 1411 808 1465 hoc
828 1413 860 1466 in
880 1413 1028 1480 Materno,
1065 1431 1152 1482 qoem
1176 1431 1265 1483 supra
1293 1415 1325 1466 in
1346 1424 1412 1466 tra-

155 1481 287 1565 'goediis
306 1488 365 1540 suis
385 1486 511 1538 nimium
531 1481 770 1558 nappnosoii'sodae
789 1494 824 1539 et
850 1485 994 1539 incessere
1013 1493 1157 1538 mutatum
1176 1485 1336 1556 imperium
1357 1505 1412 1540 ac-

175 1561 332 1632 cepimus.''
354 1559 413 1611 Scis.
433 1577 461 1610 v.
482 1557 517 1610 ad
537 1575 561 1610 c.
581 1559 617 1613 35
630 1565 703 1611 extr.
721 1588 754 1598 -
778 1558 809 1610 de
827 1561 923 1630 quibas
940 1561 1023 1628 pluro
1042 1558 1098 1612 dici
1116 1559 1209 1612 vellem
1229 1557 1291 1612 edd.
1311 1559 1410 1613 Rhen.

174 1637 200 1689 2.
220 1639 247 1690 3.
269 1639 297 1686 et
316 1647 374 1686 rec.
413 1631 510 1704 quibas
554 1633 617 1684 iura
644 1630 700 1683 dici
727 1633 822 1686 vellem
846 1632 959 1702 primae
985 1629 1048 1684 edd.
1089 1631 1123 1684 ln
1143 1648 1200 1702 quo
1220 1631 1292 1685 latet
1309 1633 1413 1703 potius

175 1708 270 1778 quibus
285 1709 371 1780 plura
390 1705 478 1757 adiici
495 1651 598 1758 oedem.
637 1703 739 1758 Tacito
767 1705 845 1758 enirn
870 1703 990 1757 adiicere
1018 1717 1073 1774 pro
1101 1701 1198 1758 addere
1224 1707 1357 1778 loquendo
1380 1705 1414 1756 in

176 1779 281 1850 primis
300 1781 438 1846 frequens
459 1793 534 1843 esse,
568 1775 681 1829 notavit
708 1777 766 1830 iam
792 1773 986 1831 Forcellinus.
1024 1777 1120 1832 Adiici
1147 1785 1242 1832 autem
1270 1779 1301 1830 in
1328 1777 1412 1832 MSS.

177 1851 318 1904 scribitur
335 1847 423 1910 adici,
443 1857 471 1904 et
490 1849 668 1920 probabilius
689 1859 742 1914 est,
761 1857 827 1920 post
847 1853 932 1920 plura
952 1849 1091 1904 excidisse
1110 1870 1143 1913 a,
1162 1868 1249 1920 quam
1268 1857 1415 1922 antequi-

178 1926 226 1977 bas
254 1921 329 1976 illud
354 1923 402 1986 de,
434 1921 512 1992 quod
535 1922 625 1975 tacite
651 1923 775 1975 inseruit
798 1921 907 1976 llhen.''
933 1923 1005 1976 Orci.
1049 1921 1155 1988 Recte3
1180 1933 1208 1976 ct
1232 1924 1413 1994 recepissem

177 1997 252 2050 lianc
278 1996 452 2061 lectionem,
485 1993 510 2046 si
537 2012 600 2048 eam
627 2011 643 2048 e
672 2011 696 2048 c.
722 1993 808 2048 Farn.
839 2003 982 2050 enotasset
1009 1995 1126 2065 Lipsius
1157 2013 1252 2064 neque
1278 2005 1414 2050 nostram

179 2069 356 2123 retinuisset.

248 2143 275 2196 2.
314 2145 340 2193 si
358 2157 412 2211 qao
429 2141 483 2192 tibi
501 2141 631 2203 obscura,
651 2158 679 2192 v.
699 2139 736 2192 ad
754 2157 778 2192 c.
799 2145 825 2195 3.
846 2157 873 2192 n.
894 2143 920 2196 2.
942 2147 970 2194 et
989 2157 1050 2210 cap.
1069 2141 1115 2198 36.
1135 2159 1163 2193 n.
1183 2141 1209 2196 5.
1229 2169 1266 2181 -
1301 2143 1332 2208 dc
1352 2142 1416 2196 his.-

179 2213 256 2268 Orel.
281 2212 400 2282 scripsit
427 2213 458 2266 dc
476 2215 522 2266 iis.
542 2242 578 2254 -
613 2213 694 2284 Ego:
724 2213 756 2264 in
776 2212 819 2265 ed.
839 2211 903 2266 niv.
932 2213 1017 2284 Ergo.
1037 2241 1073 2254 -·
1110 2217 1297 2286 antiquariis,
1325 2234 1353 2268 v.
1376 2215 1415 2268 ad

180 2304 203 2339 c.
223 2287 267 2340 21.
288 2303 315 2338 n.
336 2287 362 2340 5.
400 2297 460 2338 cane
486 2289 651 2356 antiquariis
677 2283 754 2338 uss,
784 2285 846 2338 Vat.
871 2285 915 2340 ed.
941 2303 987 2357 pr.
1013 2293 1042 2340 et
1067 2295 1150 2340 vetus
1174 2286 1252 2342 liber
1275 2287 1353 2342 Pith.
1375 2317 1415 2328 -

180 2361 219 2412 At
237 2377 287 2430 ego
304 2375 351 2412 oos
370 2355 524 2412 rhetoribus
543 2366 569 2412 ct
587 2359 776 2418 scholasticis,
805 2361 845 2422 (v.
866 2358 902 2411 ad
920 2376 945 2410 c.
966 2363 1008 2414 lt.
1030 2377 1058 2410 n.
1079 2357 1120 2426 l.)
1140 2360 1203 2414 scil.
1222 2363 1417 2415 criminator:

181 2449 248 2486 nain
267 2435 416 2484 criminari
434 2435 553 2504 aliquem
576 2435 662 2485 alicui
689 2447 778 2499 aeque
804 2429 917 2483 dicitur
944 2449 978 2484 ac
1005 2432 1081 2501 apud
1104 2439 1133 2486 et
1151 2433 1189 2485 ad
1205 2437 1334 2505 aliquem.
1373 2437 1416 2488 At

181 2523 230 2576 ego
249 2521 299 2558 nos
320 2503 363 2558 ed.
383 2521 429 2575 pr.
446 2535 478 2547 -
506 2507 599 2575 inquii
617 2503 681 2558 scil.
701 2501 798 2572 Aper,
828 2521 922 2572 neque
936 2511 989 2568 ¹est
1015 2503 1094 2573 quod
1112 2506 1257 2560 scribatur
1274 2509 1314 2560 At
1335 2511 1417 2580 Aper

181 2578 229 2631 vel
248 2578 288 2630 At
308 2579 371 2630 iile.-
389 2577 450 2648 Ego
468 2595 516 2631 eos
536 2584 591 2630 cet.
629 2577 747 2630 Festive
765 2583 862 2629 autem
883 2583 950 2628 sunt
968 2578 1056 2630 verba
1074 2585 1213 2632 extrema.

253 2653 279 2705 3.
320 2649 409 2716 Quum
428 2653 606 2712 arrisissent,
625 2649 813 2703 discessimus:
846 2651 902 2714 „ln
929 2649 975 2702 his
999 2649 1238 2718 disputationibus
1267 2667 1356 2718 Quin
1386 2661 1416 2706 et

181 2719 340 2775 modestiae
358 2717 414 2789 sit,
433 2731 466 2776 nt
486 2731 572 2777 nemo
592 2739 621 2775 se
640 2723 783 2774 rictorem
802 2721 986 2799 arrogantius
1005 2722 1169 2792 praedicet,
1198 2731 1227 2777 et
1245 2722 1417 2778 humanita-

181 2793 236 2859 tis,
269 2802 302 2846 ut
321 2809 406 2848 nemo
426 2813 455 2848 se
474 2793 586 2852 victum
605 2795 749 2857 fateatur,
782 2793 823 2846 sic
842 2811 927 2864 saepe
947 2795 1184 2862 concluduntur,
1214 2797 1295 2866 quasi
1314 2797 1417 2850 adhuc

182 2883 286 2936 anceps
306 2867 344 2919 sit
364 2867 492 2936 quaestio
511 2875 540 2920 et
559 2867 736 2920 enucleatius
756 2865 935 2936 explicanda.
974 2867 1035 2921 Nec
1062 2865 1149 2922 aliter
1168 2886 1212 2938 ap.
1234 2869 1296 2924 cic.
1316 2871 1353 2924 N.
1376 2872 1415 2924 D.

181 2943 214 3003 3,
234 2941 277 2994 qo,
321 2937 461 2992 discedant
484 2939 604 3004 Balbus,
644 2939 726 2994 Cotta
754 2948 782 2993 et
805 2939 962 2992 Velleius.''
990 2940 1067 2994 Brot.
1105 2937 1185 3006 „Hic
1213 2959 1227 2994 a
1257 2941 1315 2996 fine
1341 2944 1417 2998 libri

182 3011 276 3063 multa
295 3007 391 3074 deesse
405 3019 490 3080 atque
508 3009 578 3064 adeo
590 3013 781 3084 praecipuam
794 3009 1004 3066 dissertationis
1017 3019 1142 3083 partem,
1161 3015 1264 3068 asserit
1276 3014 1415 3085 Lipsius:

182 3081 263 3134 addit
282 3083 353 3138 adeo
373 3089 403 3136 ut
420 3089 506 3138 cuivis
525 3083 613 3138 videre
631 3093 680 3138 cst.
718 3085 784 3138 Non
810 3091 906 3138 autem
928 3084 1027 3152 video,
1062 3085 1112 3138 ubi
1132 3085 1183 3138 hic
1209 3087 1305 3140 ullum
1333 3087 1416 3142 indi·

183 3155 261 3207 cium
280 3156 329 3208 rel
347 3158 503 3232 vestigium
522 3156 650 3211 deiectus
668 3163 820 3228 appareat,
857 3156 914 3210 nisi
942 3157 1006 3225 quis
1031 3158 1207 3212 contendere
1226 3161 1315 3225 velit,
1351 3178 1418 3215 eos·

183 3223 248 3280 dem
268 3245 367 3281 rursus
387 3229 554 3283 convenisse
574 3237 602 3284 et
628 3229 762 3284 omissam
789 3247 848 3282 esse
876 3229 1016 3282 cannonis
1035 3231 1093 3284 alio
1113 3229 1159 3284 die
1178 3234 1321 3304 resumpti
1342 3251 1417 3288 con·

182 3297 403 3354 sinuationem.’'
430 3301 536 3357 schulz.
575 3301 631 3356 Sed
650 3303 765 3373 Lipsius
785 3302 870 3358 initio
888 3299 975 3356 huius
994 3303 1115 3374 capitis,
1142 3320 1201 3358 non
1220 3305 1252 3358 in
1271 3305 1331 3360 lina
1351 3309 1417 3360 eins

184 3372 276 3425 multa
296 3371 392 3428 deesse
411 3375 536 3446 potabat.
575 3373 618 3430 Gi.
639 3381 706 3430 nota
725 3381 750 3430 1.

1153 3471 1164 3504 Ι
