2904 4802
131 205 132 210 ’
192 195 255 262 eet
497 197 724 264 Dttuooos
745 199 805 264 DE
827 195 1115 263 out‘routsos.

193 363 328 426 iudiciis
348 363 580 448 obtemperans
601 377 795 430 nostrorum
815 377 989 431 oratorum
1010 375 1099 429 setes
1120 365 1294 449 pulchrior
1314 376 1348 430 et
1368 387 1420 429 or-

193 449 304 510 natior
325 450 460 509 exstitit.
509 447 629 533 Neque
650 449 732 513 'ideo
761 453 873 514 minus
906 453 1056 514 efficaces
1077 457 1156 512 sunt
1176 453 1342 514 orationes
1364 471 1419 512 no-

194 539 301 611 strae,
339 532 419 614 quie
448 530 491 594 sd
518 553 617 595 aures
651 533 871 597 iudicantium
901 555 978 596 cum
1005 533 1176 616 voluptate
1210 537 1417 620 perveniunt.

195 612 285 696 Quid
313 617 403 678 enim
432 617 460 677 si
488 617 675 678 infirmiore
698 619 818 680 horum
839 627 1027 700 temporum
1047 619 1170 700 templa
1191 617 1321 698 credas,
1345 621 1419 700 quie

195 718 260 760 non
281 697 360 760 rudi
381 708 550 762 caemento
572 709 605 764 01
625 703 824 764 informibus
846 703 965 789 tegulis
987 709 1226 781 exstruuntur,
1256 700 1314 764 sed
1335 723 1418 763 user-

193 801 287 846 morc
308 784 416 844 nitent
441 791 475 844 et
495 803 579 846 euro
600 783 799 848 radiantur?

266 939 291 990 1.
333 935 402 1003 Quis
419 955 492 1000 nune
502 936 581 1007 seret
599 943 644 1002 (ut
662 955 731 992 mox
749 939 917 1008 aspendii
935 946 962 992 et
977 939 1161 1009 perpetietur)
1186 937 1263 993 MSS.
1292 939 1355 992 Vet.
1375 939 1415 992 ed.

194 1025 239 1080 pr.
259 1007 339 1062 Brut.
360 1009 407 1063 Or.
439 1009 522 1080 serat
541 1012 585 1066 ed.
604 1013 667 1064 Put.
687 1021 716 1066 et
735 1011 805 1065 dein
823 1029 914 1083 paene
934 1027 1045 1065 omnes.
1065 1039 1101 1052 -
1120 1012 1307 1080 infimitate:
1326 1011 1357 1062 in
1376 1011 1416 1063 01.

195 1099 240 1152 pr.
259 1083 409 1152 infinitate.
428 1111 465 1122 -—
497 1089 643 1154 principia
663 1085 776 1138 Commi
786 1121 796 1148 ,
828 1104 855 1138 r.
886 1084 1162 1154 0100019113.
1199 1092 1228 1138 01
1246 1083 1282 1136 ad
1300 1082 1417 1148 Anni,

194 1155 245 1221 32,
266 1159 292 1210 1.
321 1153 515 1225 comparatur
532 1176 549 1211 a
567 1155 704 1212 schulzio
731 1157 855 1224 Quintil.
874 1161 911 1224 ll,
932 1162 965 1222 1,
985 1157 1011 1212 8.
1053 1157 1190 1224 Quaedam
1210 1161 1239 1210 in
1257 1157 1301 1210 hie
1319 1175 1418 1227 quoque

195 1227 522 1290 commendaticiam,
553 1235 584 1284 si.
606 1249 657 1284 noe
681 1230 813 1284 infirmos
831 1239 860 1284 et
877 1235 998 1302 imperes
1016 1233 1139 1302 ingenite
1160 1239 1261 1284 sonmo
1277 1233 1419 1299 agentium

193 1302 361 1364 dixerimus,
388 1303 487 1374 qualia
504 1311 569 1356 sunt
585 1305 753 1375 pleraque
778 1303 950 1358 Messalae
973 1306 1165 1372 prooemia.
1210 1303 1264 1356 Est
1281 1305 1355 1356 ersim
1373 1321 1418 1356 no·

194 1373 399 1444 turulissaoor
413 1393 469 1446 pro
495 1377 704 1437 laterensibus,
742 1384 770 1430 et
792 1378 871 1430 iude:
896 1379 1044 1448 religiosus
1066 1377 1245 1434 tttmctume
1270 1383 1417 1446 patronum

194 1447 288 1508 audit,
313 1465 397 1518 quum
415 1453 539 1504 iustitiae
557 1467 622 1502 sune
640 1453 756 1504 minime
773 1454 864 1504 timet.
900 1449 968 1504 lnde
986 1452 1037 1503 illc
1054 1457 1173 1504 ceterum
1191 1455 1266 1504 circu
1284 1447 1418 1503 occultdn·

193 1521 258 1572 dum
277 1521 461 1592 eloquentium
479 1525 639 1586 simulatio,
664 1527 782 1576 multum
799 1525 833 1576 ab
852 1523 904 1576 hoc
920 1531 1081 1578 noscerem
1099 1531 1253 1596 temporum
1269 1528 1418 1576 iactatione

194 1595 309 1648 diversa.
329 1621 366 1633 -
402 1599 520 1666 quinque
543 1598 575 1648 in
601 1596 710 1648 Verrem
734 1599 818 1650 libros
836 1595 960 1650 sotionis
979 1595 1139 1663 secundus,
1168 1599 1216 1662 (ut
1234 1613 1280 1667 sp.
1301 1595 1416 1662 Quintil.

195 1671 246 1731 11,
265 1669 300 1732 2,
319 1667 378 1733 25.)
397 1667 522 1720 totidem
542 1669 685 1721 erutiones
703 1668 870 1732 Ciceronis,
897 1667 933 1722 ab
952 1684 986 1722 eo
1004 1669 1128 1738 scriptas
1146 1677 1276 1736 tantum,
1301 1684 1361 1720 non
1379 1668 1418 1720 di-

195 1747 273 1793 ctas:
292 1757 359 1792 uam
379 1740 521 1794 recitatae
540 1757 600 1793 non
617 1741 676 1804 nisi
696 1741 784 1808 duae,
803 1741 898 1812 prima
916 1742 948 1793 in
967 1739 998 1807 Q.
1020 1741 1180 1802 Caecilium
1200 1743 1236 1796 de
1255 1750 1418 1795 accusatore

195 1815 230 1866 iu
248 1813 371 1866 Verrem
391 1813 611 1877 constituendo,
631 1815 724 1867 altera
742 1816 776 1868 iu
794 1815 891 1885 ipsum
910 1815 1044 1880 Verrem,
1065 1821 1094 1867 01
1112 1815 1167 1868 illa
1186 1815 1300 1868 dicitur
1317 1816 1419 1868 110110-

195 1890 253 1946 tio,
271 1883 344 1940 baec
359 1890 457 1956 primu
475 1891 549 1938 ustio
567 1889 599 1938 in
619 1887 737 1940 Verrem.
777 1888 821 1942 01.
848 1885 953 1941 Ascon.
981 1887 1046 1941 Ped
1073 1894 1103 1940 ct
1127 1888 1201 1942 Ern.
1221 1889 1372 1957 prooemia
1389 1890 1417 1939 in

194 1959 247 2012 hes
266 1958 419 2013 orationes.
460 1958 528 2025 Quis
552 1965 671 2030 quinque
695 1963 727 2014 in
748 1959 778 2013 V.
798 1961 885 2015 libros
903 1965 1112 2031 exspectaverit,
1141 1968 1186 2014 tot
1213 1968 1243 2014 et
1267 1968 1329 2014 tam
1354 1977 1418 2031 pro·

195 2031 270 2086 lixas
289 2030 431 2085 eiusmodi
449 2031 594 2086 orationes
612 2033 701 2086 scribi
719 2041 769 2096 put
787 2032 891 2088 baberi
910 2033 1091 2088 crediderit?
1127 2033 1186 2088 Eos
1212 2033 1249 2086 ad
1266 2033 1359 2086 finem
1376 2053 1418 2086 ns·

196 2121 253 2174 que
271 2103 420 2175 potientes·
440 2103 557 2171 audiet,
594 2114 628 2158 ut
647 2105 707 2160 Cic.
727 2123 757 2176 p.
787 2107 902 2160 Cluent.
930 2112 1085 2176 exspectetis
1111 2107 1150 2160 ud
1170 2114 1320 2160 ertmmem
1339 2114 1420 2158 etms

194 2196 284 2232 meum
301 2177 410 2230 dicendi
426 2176 550 2230 ordinem
568 2195 676 2230 seruare
693 2183 865 2247 potiamini5
883 2179 987 2234 Selenis.
1025 2179 1082 2234 Sed
1098 2181 1184 2234 tidros
1202 2188 1356 2249 euspeswe
1368 2178 1419 2231 hoc

176 2259 282 2304 'sensu
301 2249 362 2302 dici
382 2257 411 2302 et
429 2249 519 2304 verba
533 2249 595 2304 Cic.
614 2249 660 2303 bis
679 2253 842 2322 comparari
859 2269 942 2322 posse
960 2253 1011 2306 vix
1030 2253 1219 2322 crediderim.
1257 2253 1343 2306 libros
1361 2269 1420 2305 ore·

195 2323 289 2376 tiones
308 2321 453 2394 prolixas,
472 2330 506 2374 ut
527 2339 589 2393 cap.
608 2326 652 2378 21.
673 2323 732 2393 (pr.
753 2333 782 2378 et
800 2325 891 2389 med.)
910 2329 954 2381 38.
974 2330 1018 2382 39.
1039 2326 1100 2381 Cic.
1119 2326 1156 2379 sd
1174 2327 1234 2380 eu.
1254 2328 1282 2392 2,
1304 2331 1330 2380 1.
1350 2325 1419 2376 med.

195 2396 271 2450 Ptin.
291 2413 335 2467 ep.
356 2397 386 2462 5,
405 2397 441 2450 25
456 2411 502 2464 pr.
536 2395 658 2460 Quintil.
679 2398 714 2462 5,
736 2403 784 2464 10,
803 2401 847 2454 98.
874 2398 939 2463 (ubi
964 2417 991 2452 r.
1016 2398 1184 2469 Spetd.).5,
1205 2403 1258 2464 11,
1277 2401 1324 2454 42.
1342 2403 1376 2461 9,
1394 2403 1418 2462 3,

195 2473 287 2526 11116.
325 2469 492 2537 exspectabit
516 2467 593 2522 MSS.
614 2470 675 2522 Vet.
697 2469 862 2524 01111101.
883 2471 947 2540 Bip.
966 2470 1047 2524 Seeb.
1067 2471 1118 2524 Dr.
1139 2471 1184 2524 Os.
1204 2471 1251 2524 Or.
1289 2479 1420 2542 exspecto·

194 2545 235 2594 vit
254 2541 297 2596 ed.
317 2557 363 2612 pr.
384 2545 582 2611 exspectaverit
601 2541 664 2596 edd.
685 2543 747 2594 Put.
768 2550 797 2596 et
816 2551 870 2596 cet.
889 2560 981 2613 paene
1001 2559 1108 2598 omnes.
1146 2543 1202 2597 Sed
1211 2543 1325 2597 Auctor
1344 2545 1418 2596 vide·

195 2621 246 2666 tur
266 2613 390 2674 variasse
408 2614 542 2666 consulto
562 2615 741 2680 orationem,
768 2615 879 2684 (ferat,
897 2622 1104 2685 exspectaverit,
1121 2621 1306 2686 perpetietur)
1330 2625 1358 2670 et
1382 2636 1419 2670 es-

194 2691 359 2757 speeteverit
378 2693 420 2739 est
438 2686 476 2738 id.
498 2685 545 2755 qd.
566 2695 701 2756 exspectet
719 2696 749 2740 et
766 2689 933 2757 exspectabit
940 2708 951 2754 ‚·
977 2689 1046 2742 Erre.
1067 2698 1096 2744 et
1116 2689 1220 2742 Sclulz.
1257 2691 1361 2742 Parum
1379 2707 1419 2741 re·

196 2762 268 2824 fert;
296 2759 385 2812 01011.
405 2787 442 2798 -
469 2759 500 2810 de
527 2765 698 2828 suceptiones
726 2762 906 2831 praepositio
932 2762 1041 2815 excidit
1065 2763 1098 2816 in
1125 2763 1170 2816 ed.
1189 2779 1235 2832 pr.
1274 2763 1419 2832 „Exceptio

196 2841 239 2886 est
257 2831 432 2886 vocabulum
451 2833 566 2884 forense
585 2831 620 2886 de
641 2849 683 2898 eo,
705 2833 781 2886 unde
799 2836 921 2904 petitur,
940 2835 1001 2888 sive
1021 2851 1081 2902 reo,
1101 2835 1153 2905 qui
1171 2853 1211 2890 sc.
1231 2837 1281 2892 tel
1292 2835 1418 2910 negando

196 2923 312 2958 causam
332 2903 480 2968 defendit,
500 2903 550 2955 vel
570 2904 744 2974 excipiendo
763 2907 872 2960 elidere
890 2907 1036 2962 actionem
1055 2916 1196 2974 conetur,
1217 2909 1237 2960 i.
1257 2927 1281 2962 e.
1301 2925 1360 2962 non
1377 2908 1418 2958 in·

196 2977 310 3030 11110101
328 2975 467 3044 quidem,
496 2975 546 3028 sed
574 2985 691 3030 excusat
709 2995 772 3030 rem
793 2979 859 3032 aliis
878 2980 1068 3055 argumentis.
1106 2981 1186 3034 Hsec
1203 2987 1323 3050 exceptio
1341 2980 1418 3032 dabe-

196 3057 247 3100 tur
264 3067 315 3101 seu
334 3047 548 3101 concedebatur
566 3067 582 3100 a
601 3057 751 3119 praetore,
785 3069 802 3103 0
826 3069 884 3120 quo
904 3053 991 3105 etiarn
1010 3061 1091 3107 actor
1108 3061 1179 3105 tunc
1197 3054 1360 3124 postulabat
1376 3069 1418 3103 10-

196 3121 405 3191 plicationems
425 3119 530 3172 Scluls.
568 3121 662 3174 Erant
678 3123 807 3176 actiones
826 3125 857 3176 de
876 3130 1041 3196 exceptione,
1059 3143 1165 3195 nempe
1184 3125 1220 3179 ob
1239 3126 1417 3196 exceptiones

196 3211 247 3246 seu
267 3191 469 3258 exclusiones,
489 3209 562 3261 quse
582 3194 804 3264 opponebantur
822 3197 870 3250 vel
882 3198 1024 3252 -adversus
1042 3215 1195 3269 personas,
1222 3199 1272 3252 vel
1290 3199 1418 3252 adversus

197 3283 243 3318 res
262 3266 336 3336 ipsas
346 3301 355 3331 ,
375 3263 425 3318 vel
443 3264 580 3318 adversus
598 3269 746 3336 actiones,
765 3269 814 3322 vel
832 3270 969 3324 adversus
989 3271 1052 3341 ipsa
1069 3271 1196 3335 indicias
1216 3273 1294 3326 Brot.
1324 3289 1351 3323 v.
1370 3271 1417 3322 Di·

196 3345 268 3464 fiest.
295 3338 344 3390 lib.
364 3341 410 3392 to.
434 3337 480 3391 111.
503 3342 527 3392 1.
556 3337 592 3392 10
611 3340 848 3410 exceptionibus,
876 3343 1155 3414 praescriptionibus
1180 3351 1209 3397 et
1226 3343 1416 3414 praeiudiciis,

221 3411 325 3464 risson.
345 3409 380 3466 de
399 3411 485 3463 form.
506 3411 526 3464 l.
546 3411 578 3462 V.
601 3443 632 3453 -
668 3413 800 3467 Formulo
826 3415 858 3468 in
884 3415 950 3470 iure
976 3417 1060 3469 civili
1086 3424 1130 3471 est
1154 3425 1251 3470 certus
1269 3417 1417 3472 verborum

196 3483 320 3549 modus,
339 3492 372 3536 ut
383 3481 514 3552 formula
532 3484 689 3546 interdicti,
707 3492 838 3548 aetionis,
862 3494 1033 3554 testamenti,
1060 3494 1238 3561 sponsionis,
1267 3498 1296 3544 et
1314 3489 1361 3542 vel
1380 3506 1416 3552 ee,

198 3557 228 3609 in
247 3574 333 3626 quem
352 3555 493 3610 iudicium
513 3555 632 3610 deterre
651 3567 794 3628 praetore,
814 3561 862 3614 vel
877 3557 1023 3624 lCtbrum,
1044 3577 1099 3630 qua
1119 3564 1219 3639 agitur
1237 3563 1270 3614 in
1289 3563 1417 3630 aliquem,

198 3629 355 3683 verborum
375 3636 455 3682 certa
474 3630 628 3698 conceptio
649 3638 678 3684 et
696 3634 808 3698 tonna,
841 3649 896 3686 nec
921 3651 980 3688 non
999 3635 1133 3689 delinitio
1154 3636 1236 3690 verbi
1254 3651 1288 3687 ao
1305 3633 1366 3697 rei,
1392 3649 1416 3682 v.

198 3719 223 3754 c.
242 3702 387 3755 formulae
406 3700 534 3772 Aquillii
555 3701 591 3756 10
611 3702 678 3758 1010
699 3705 795 3768 melo,
814 3705 882 3760 lien.
902 3707 976 3761 clar.
997 3708 1057 3762 Cic.
1094 3709 1227 3762 Formula
1245 3706 1418 3780 intelligitur

196 3774 323 3848 singulis
342 3773 720 3846 actionibuspreescripte,
740 3777 772 3830 in
791 3779 896 3846 quibus
916 3780 1101 3834 instituendis
1118 3781 1259 3836 utendum
1280 3786 1341 3832 eret
1359 3793 1417 3829 cer·

197 3847 234 3898 tis
254 3863 287 3900 sc
306 3846 496 3916 praescriptis
514 3847 631 3912 verbius
650 3849 727 3902 Rrot.
747 3859 776 3904 et
798 3851 844 3904 Ob.
883 3851 958 3918 Quid
974 3851 1004 3906 h.
1024 3853 1045 3906 l.
1064 3853 1119 3917 sit,
1138 3863 1220 3925 petet
1238 3851 1417 3907 exoratione

198 3919 258 3972 Cic.
278 3934 332 3988 pro
351 3919 386 3972 A.
407 3919 540 3978 Caecina,
567 3921 633 3988 qui,
659 3931 812 3994 postquem
830 3925 953 3978 fundum
973 3925 1147 3981 Caesenniae
1167 3925 1285 4002 ingredi
1303 3929 1417 3978 conanus

198 4000 241 4044 et·
255 3989 289 4043 ab
305 3989 427 4044 Aebutio
452 4008 508 4061 per
532 3991 592 4046 viru
617 3991 697 4046 editu
721 3995 887 4066 prohibitus
916 4005 996 4062 eret,
1027 3997 1219 4054 interdictum
1239 4017 1256 4051 a
1273 3995 1417 4050 Dolabella

197 4071 332 4134 praetore
352 4063 563 4134 impetraverat
581 4063 616 4118 de
634 4066 665 4117 vi
683 4070 800 4123 annetis
818 4067 1004 4138 hominibus,
1028 4079 1076 4139 ut,
1094 4072 1173 4126 unde
1193 4071 1319 4124 deiectus
1338 4075 1416 4130 esset,

198 4151 232 4188 eo
251 4136 474 4189 restitueretur:
507 4137 585 4190 unde
613 4139 709 4193 omnis
735 4143 863 4210 quaestio
885 4141 916 4194 iu
927 4141 1057 4211 sormulo
1075 4153 1104 4198 01
1122 4143 1217 4200 verbis
1234 4143 1321 4195 buius
1339 4145 1418 4193 inter-

197 4207 270 4260 dicti
287 4215 406 4278 totaque
425 4209 520 4261 oratio
540 4211 571 4261 in
589 4227 623 4264 00
641 4214 828 4281 versabatur,
847 4223 881 4268 ut
898 4216 997 4285 primo
1016 4235 1086 4271 vere
1105 4217 1251 4271 deiectum
1269 4214 1416 4268 Caecinam

199 4279 380 4347 ostenderet,
400 4281 515 4334 etiarnsi
533 4282 655 4336 fundum
673 4285 769 4355 ipsum
787 4305 846 4342 nou
865 4289 1027 4363 ingressus,
1046 4289 1098 4343 sed
1114 4291 1196 4343 editu
1215 4288 1275 4343 eius
1292 4284 1417 4358 prohibi·

199 4361 246 4408 tus
265 4361 348 4419 esset,
368 4353 476 4407 deinde
496 4355 523 4408 ei
542 4354 601 4408 viru
620 4357 727 4412 iactum
746 4379 814 4419 esse.
836 4361 1017 4419 0101037.
1039 4381 1066 4416 n.
1087 4368 1113 4418 3.
1135 4362 1261 4416 Brisson.
1282 4359 1317 4415 de
1331 4362 1412 4412 toron.
