2770 4792
180 233 260 330 258x
596 221 846 290 lotteshan
869 223 993 288 VITA.

182 411 254 470 gnae
273 393 399 446 laborem
419 391 576 456 reservati,
597 391 665 459 qui,
687 399 718 442 ut
738 389 862 454 Triarii,
882 390 977 442 minus
996 389 1161 444 exercitatis
1180 397 1207 442 et
1248 389 1377 446 otissimun

183 467 297 520 auxiliis
315 465 555 540 adiungebantur.
575 462 618 516 Gi.
639 463 706 516 Tae.
729 464 760 516 ll.
784 464 816 518 ll.
865 465 890 516 5.
918 463 984 514 Non
1004 463 1115 518 obstant
1134 463 1199 516 loca
1243 464 1309 517 sciti
1326 465 1377 516 malt

182 540 339 592 intellecta.
360 538 433 591 Ann.
454 543 479 600 1,
498 541 541 592 38.
579 537 618 588 At
638 539 674 588 iu.
690 535 805 591 camere
823 543 978 603 coeptavere
996 536 1160 590 seditionem
1177 539 1339 604 praesidium
1354 537 1377 594 ib

181 617 324 683 agitantes
335 613 476 664 vexillarii
493 609 660 662 discordium
673 612 832 680 legionum,¹
853 625 920 662 nam
935 608 1084 664 vexillarii
1099 610 1131 662 in
1147 609 1299 678 praesidiis
1314 610 1377 664 colle

183 683 243 738 c'ari
255 683 392 749 solebant,
414 692 446 736 ut
463 681 572 736 limites
590 681 709 750 imperii
722 688 884 744 tuerentur,
905 688 933 733 at
952 679 984 734 bi
1001 682 1169 736 missionem
1179 683 1377 750 postulaverant

182 773 273 826 eoque
291 755 385 829 magis
404 754 481 824 quod
501 755 570 807 novi
583 753 735 808 Vexillarii
754 754 822 820 (etsi
837 752 867 806 id
886 769 944 808 non
962 753 1070 807 diserte
1089 754 1230 820 traditur)
1250 773 1265 808 e
1282 756 1312 808 le
1332 755 1377 816 ionl

181 831 232 882 bus
252 835 345 882 essent
365 827 481 882 delecti.
526 827 587 894 Quo
611 829 686 880 facto
716 831 831 896 rapiunt
850 829 979 880 vacillum
998 835 1026 878 et
1043 827 1082 878 ad
1097 832 1204 896 ripam,
1232 827 1267 880 ad
1283 774 1377 890 hibern

181 901 349 977 legionum,
372 908 494 960 venant,
519 908 550 950 ut
575 899 616 950 ibi
635 898 801 954 missionem
828 897 953 972 exigant.
993 899 1101 968 [Immo
1120 901 1251 954 Mennim
1268 904 1377 952 oeaiiiun

182 995 198 1027 a
217 973 358 1027 seditiosis
377 973 544 1028 vexillariis
568 981 682 1042 raptam
705 974 868 1041 adriperet,
896 979 929 1024 ut
953 977 1066 1042 agmine
1084 972 1251 1034 decederent,
1277 977 1377 1028 nertitt

182 1047 224 1098 ita
241 1047 349 1098 redusit
366 1049 395 1097 in
415 1045 531 1098 hiberna
547 1045 685 1107 turbidos,
703 1047 872 1105 clamitans,
899 1047 928 1097 si
945 1049 1007 1114 quis
1027 1049 1140 1115 agmine
1158 1047 1328 1110 decessisset,
1350 1061 1377 1113 pt

181 1121 313 1172 desertore
324 1117 413 1186 sore]
433 1119 468 1170 H.
488 1121 521 1184 2,
543 1121 585 1174 18.
624 1120 733 1172 Certum
752 1127 811 1172 erat
830 1119 1004 1188 Spurinnae,
1030 1137 1089 1172 non
1113 1127 1168 1172 tres
1190 1124 1377 1190 praetoriensi

180 1193 271 1244 hortea
289 1199 317 1242 et
334 1193 410 1244 mille
431 1190 594 1244 Vecillarias
612 1209 673 1244 cum
690 1196 787 1260 paucis
812 1190 948 1260 equitibus
968 1199 1096 1244 veterano
1122 1197 1252 1246 exercitui
1270 1191 1377 1248 caecini

179 1265 252 1316 XXX
263 1263 378 1316 milium
397 1265 522 1330 (v.}1.1‚
537 1265 595 1329 61.)
614 1265 747 1318 obiicere.-
766 1263 868 1334 quibus
887 1263 983 1316 verbis
990 1263 1145 1318 vexillarii
1162 1264 1323 1330 (veterani)
1343 1279 1377 1330 qui

180 1337 245 1390 dem
260 1345 400 1391 veterano
414 1337 555 1390 exercitui
564 1345 762 1407 opponuntur,
783 1336 833 1390 sed
849 1343 984 1404 respectu
996 1336 1207 1404 multitudinis,
1226 1353 1286 1390 non
1301 1335 1377 1392 indoli

77 1415 80 1420 '
180 1409 316 1462 militum.
355 1409 390 1460 ll.
409 1410 442 1474 2,
463 1413 507 1465 66.
537 1409 688 1479 Praecipua
717 1409 1030 1478 Quartadecirnanorum
1046 1407 1174 1478 serae-ia,
1200 1415 1250 1481 qui
1275 1429 1305 1464 se
1323 1415 1377 1468 aaa

178 1481 351 1535 abnuebant:
367 1485 469 1552 ¹quippe
487 1483 663 1536 Bedriacensi
680 1487 754 1544 acie,
775 1483 937 1536 Vesillariis
955 1489 1065 1534 tantum
1080 1485 1181 1550 pulsis,
1199 1487 1270 1537 vires
1291 1486 1377 1553 legisse

179 1573 236 1607 non
255 1551 380 1622 affuisse.
419 1554 672 1620 Quartadecimani
691 1556 722 1607 in
741 1555 801 1608 acie
820 1553 1003 1607 Bedriacensi
1020 1557 1145 1624 plurium
1163 1574 1276 1610 accursu
1296 1561 1377 1614 circat

177 1632 267 1686 venti,
291 1627 339 1694 (ll.
358 1629 395 1692 2,
415 1630 474 1694 13.)
501 1644 561 1681 non
587 1646 656 1682 reru
680 1629 817 1682 universa
846 1627 945 1701 legio,
970 1627 1021 1680 sed
1046 1629 1100 1680 deso
1124 1631 1220 1682 millia
1245 1625 1377 1698 praemisi

178 1701 228 1764 (ll.
248 1703 280 1765 2,
301 1702 359 1764 11.)
379 1701 509 1770 primum
527 1701 588 1754 eius
607 1719 730 1776 egenen,
763 1699 845 1754 ouius
864 1705 967 1767 quarta
985 1700 1047 1754 fere
1066 1717 1133 1770 pars
1152 1701 1312 1756 vexillarii.
1355 1699 1377 1832 51

176 1772 265 1842 perbe
290 1780 386 1824 autem
411 1780 440 1826 et
461 1791 560 1827 ornare
578 1772 631 1826 hos
649 1781 763 1826 tantum
782 1773 873 1827 victos
893 1772 1016 1834 dicunt,
1043 1780 1073 1825 et
1099 1773 1218 1842 quidem
1244 1782 1365 1827 vetersn

176 1852 210 1895 ut
230 1845 329 1898 Germ.
349 1845 521 1916 Aitlerieger‚
540 1848 599 1898 alte
617 1847 749 1906 Kriaberm
769 1848 824 1898 alte
842 1845 871 1896 Κ
889 1873 923 1886 -
943 1846 960 1896 l.
1000 1845 1036 1896 ll.
1056 1848 1089 1914 2,
1109 1849 1153 1902 83.
1174 1847 1308 1900 medecina
1327 1845 1377 1910 acal

177 1919 311 1968 lariorum
334 1919 447 1970 millia.-
475 1935 541 1970 nam
572 1919 720 1972 Mucianus
752 1925 845 1989 egerin
869 1918 984 1970 deiectus
1007 1925 1032 1968 et
1058 1928 1232 1972 revocaverat
1258 1919 1377 1980 veterani

177 1996 376 2042 exauctoratos
394 1991 527 2059 plurium
546 1991 715 2076 legionum,
734 1992 769 2044 ll.
789 1993 822 2056 2,
841 1993 878 2045 82
895 2007 942 2060 pr.
989 1989 1066 2043 Ann.
1086 1995 1117 2058 1,
1137 1995 1180 2047 39.
1212 1991 1346 2046 Veterani
1364 1985 1377 2052 11

175 2079 224 2129 per
241 2065 323 2114 missi
339 2062 388 2114 sub
406 2064 519 2122 amilio,
537 2061 566 2115 h.
588 2081 611 2116 e.
631 2064 713 2116 missa
733 2080 765 2116 ea
785 2062 967 2128 conditione,
986 2071 1020 2114 ut
1037 2064 1088 2116 sub
1108 2063 1222 2118 vexillo
1242 2066 1377 2126 retineri

174 2141 242 2198 tur,
271 2135 456 2188 exauctorati.
505 2136 623 2204 [Nonne
646 2135 718 2189 haec
746 2135 834 2189 verba
858 2134 977 2210 vulgari
1003 2136 1099 2204 potius
1124 2155 1207 2190 sensu
1226 2127 1377 2199 accipienti

175 2221 233 2272 qno
251 2207 356 2276 passim
376 2224 477 2260 ananus
497 2208 627 2261 militum
646 2217 674 2262 et
693 2209 899 2278 supplementa
917 2207 953 2260 ad
973 2209 1120 2262 exereitus
1138 2209 1188 2264 sub
1205 2206 1312 2256 vatillo
1332 2221 1377 2268 ⁵·2.

173 2279 255 2330 siliis
281 2281 361 2330 mitti
378 2278 538 2332 dicuntur?
565 2281 600 2334 de
620 2297 678 2348 quo
697 2297 766 2334 mox
784 2281 879 2349 plura.
921 2280 1053 2332 Veterani
1068 2293 1156 2344 nemer
1183 2291 1236 2338 eo,
1261 2277 1302 2329 ad
1332 2293 1377 2330 ara

175 2349 331 2417 Ubiorum,
352 2355 437 2406 missi
453 2354 503 2406 sub
521 2355 639 2419 vatillo,
665 2361 698 2406 ut
723 2353 764 2404 ibi
780 2353 955 2421 praesidium
974 2353 1120 2419 agitarent
1138 2352 1171 2411 1,
1197 2350 1241 2403 38.
1264 2358 1296 2402 et
1317 2337 1377 2412 arel

173 2429 271 2474 rentur
287 2429 385 2478 caenis
406 2429 436 2492 1,
455 2430 499 2480 llll.
537 2426 728 2479 Exauctorati
749 2433 847 2490 erant,
877 2422 1008 2476 nondum
1028 2421 1122 2486 missi3
1150 2428 1177 2472 et
1200 2426 1286 2474 mitti
1302 2425 1377 2476 subl

171 2497 243 2546 silio
260 2513 403 2566 nusquam
422 2498 478 2552 illo
498 2515 582 2554 sensu
601 2497 734 2566 dicitur.]
779 2502 805 2554 6.
826 2496 891 2548 Viri
912 2493 991 2550 docti
1010 2493 1107 2546 minus
1125 2491 1286 2547 haesissent
1306 2497 1377 2630 flue]

172 2575 320 2635 assentve,
341 2571 366 2622 si
382 2571 571 2625 attendissent
589 2572 652 2624 vim
671 2571 750 2625 vocis
769 2571 900 2624 vexillum
918 2585 973 2622 nec
993 2566 1107 2620 diversa
1125 2565 1326 2621 miscuissent.

172 2641 273 2692 sillam
291 2642 364 2694 olim
384 2651 504 2696 centum
523 2646 671 2719 octoginta
690 2661 739 2698 sex
757 2642 890 2696 homines
911 2646 1011 2704 erant,
1033 2639 1085 2706 [ita
1105 2638 1170 2692 Liv.
1189 2642 1217 2700 8,
1238 2642 1264 2694 8.
1289 2642 1347 2692 nbi
1366 2637 1377 2710 1

172 2711 230 2765 tria
247 2713 356 2767 vexilla
375 2722 405 2767 et
431 2723 491 2769 tres
509 2725 605 2786 partes
627 2717 714 2768 unius
734 2716 846 2769 ordinis
870 2714 1055 2766 Triariorum
1074 2711 1220 2785 designari
1238 2714 1377 2782 putant]

173 2783 278 2840 deinde
298 2787 444 2854 quaelibet
468 2789 600 2842 militum
626 2807 729 2842 manus
749 2807 765 2841 a
784 2787 901 2860 legione
920 2803 970 2838 sua
990 2785 1134 2850 seiuncta,
1161 2801 1235 2853 quae
1260 2787 1303 2838 ad
1324 2783 1377 2858 unt]

172 2855 308 2926 idemque
326 2858 469 2912 vexillum
488 2861 653 2929 pertineret
672 2869 700 2913 et
718 2859 776 2912 hoo
795 2864 982 2928 sequeretur,
1001 2856 1080 2909 unde
1095 2857 1145 2910 sub
1162 2859 1264 2910 vacillo
1285 2880 1311 2912 s.
1335 2861 1377 2926 aei

173 2929 209 2980 lis
227 2929 431 2999 supplementa
448 2925 486 2984 ad
504 2933 648 2986 exercitus
673 2932 760 2986 missa
786 2940 816 2986 et
835 2938 987 2985 veteranos
1005 2929 1036 2981 in
1056 2929 1183 2990 colonias
1203 2930 1361 2986 deductos
1376 2927 1377 2994 1

172 3001 277 3123 pimus.
315 3000 365 3056 sic
384 3019 469 3072 saepe
488 3005 566 3073 apud
584 3005 717 3072 Livium,
745 3023 800 3058 nec
820 3021 880 3058 non
898 3002 974 3072 apud
992 3002 1142 3068 Tacitum,
1173 3009 1203 3053 et
1228 2999 1377 3070 (μιίἀειιῦ

355 3073 742 3203 emerus
759 3081 891 3203 ras
912 3079 946 3199 :i
964 3077 1377 3204 ieiunasse..

172 3237 186 3269 e
206 3217 232 3269 V
247 3227 273 3270 et
289 3220 361 3273 XIV
375 3222 546 3292 legionibus,
566 3171 669 3291 [sicyet
691 3225 770 3283 lecti,
789 3169 996 3284 eiicia’auae
1013 3240 1026 3273 e
1045 3183 1200 3274 isbertibus
1219 3205 1377 3300 legionibi

173 3288 208 3340 ll.
236 3294 267 3355 1,
291 3297 335 3348 31.
363 3297 407 3350 61.
433 3299 469 3362 2,
498 3298 541 3349 11.
567 3301 602 3363 3,
632 3295 690 3363 50.]
720 3297 757 3348 Η.
782 3300 816 3362 2,
843 3299 887 3352 89.
925 3303 1048 3365 quatuor
1066 3295 1207 3364 legionum
1225 3299 1358 3364 aquileae

165 3358 296 3430 frontem
314 3367 481 3434 totidemque
498 3371 573 3420 circa
591 3388 603 3421 e
623 3369 778 3438 legionibus
797 3372 865 3422 aliis
883 3369 993 3430 serilla,
1014 3368 1049 3418 ll.
1069 3371 1101 3432 3,
1120 3369 1165 3422 22.
1200 3373 1369 3435 permittes

172 3437 257 3495 silla,
276 3435 312 3489 de
330 3437 445 3490 imbelli
463 3440 572 3508 populo
592 3441 628 3492 H.
648 3446 685 3506 3,
704 3443 749 3497 82.
780 3440 931 3512 fulgentia
947 3441 1096 3508 percellet
1114 3441 1228 3500 ascida,
1250 3441 1286 3494 in
1312 3441 1377 3513 prii

173 3506 209 3560 de
227 3509 354 3562 externis
373 3509 518 3562 militibus
537 3512 685 3566 sociorum
703 3514 940 3583 auxiliorumque
959 3513 993 3565 ll.
1016 3517 1051 3578 1,
1070 3517 1115 3568 31.
1136 3516 1180 3568 53.
1201 3516 1246 3567 70.
1269 3513 1377 3591 Agrai

171 3583 272 3634 aneilla
292 3583 473 3643 Gemanica,
492 3583 639 3652 inferioris
660 3587 839 3648 Germaniae,
860 3587 1002 3640 Gallorum
1021 3592 1076 3638 oet.
1097 3585 1132 3638 de
1152 3585 1256 3652 quavis
1278 3587 1377 3648 mitit

172 3669 259 3704 inann
278 3654 315 3706 ll.
335 3658 369 3722 2,
388 3658 432 3711 85.
452 3659 583 3710 laceratis
600 3661 724 3719 vexillis,
748 3673 823 3730 quae
835 3679 934 3714 nomen
955 3659 1067 3712 Vitellii
1080 3657 1316 3728 praeferebant,
1344 3663 1377 3718 ti

171 3727 217 3780 36.
235 3727 272 3788 2,
290 3729 335 3782 to.
355 3732 389 3794 a,
410 3730 453 3784 15.
472 3731 518 3785 dl.
538 3733 625 3802 signa
643 3735 802 3802 vexillaque·
842 3733 927 3804 [Add.
947 3730 1023 3785 Ann.
1045 3736 1078 3796 1,
1105 3735 1150 3788 2⁰.
1176 3734 1287 3785 astilia
1314 3741 1377 3796 cort

172 3798 241 3868 lert,
266 3797 301 3849 H.
322 3801 354 3865 2,
375 3804 418 3854 11.
443 3805 545 3854 serilla
572 3809 711 3874 equitum,
739 3806 775 3857 ll.
794 3810 828 3872 3,
847 3808 892 3860 21.
915 3808 1045 3858 vetillum
1068 3810 1319 3872 praetorianum,
1345 3799 1377 3866 tl

172 3872 215 3923 18.
236 3875 370 3940 correptis
388 3877 481 3945 signis
499 3879 667 3947 vexillisque.
706 3875 754 3931 sie
782 3886 811 3931 et
836 3876 861 3930 a'
876 3878 961 3930 laivio
979 3895 1063 3947 saepe
1082 3883 1167 3948 signa
1186 3884 1215 3930 et
1233 3873 1377 3946 ancelini

171 3938 294 4010 demque
319 3961 405 3997 sensu
429 3947 515 4022 iungi
536 3948 620 4003 docet
644 3949 720 4003 Duk.
748 3950 784 4003 ad
810 3951 875 4004 biv.
896 3955 947 4016 1⁰,
977 3953 1020 4006 19.
1057 3949 1179 4014 Proprie
1198 3951 1314 4002 tamen
1342 3947 1377 4022 si

170 4013 291 4086 singulis
310 4017 486 4086 inanipulis‚
511 4023 613 4074 vexilla
632 4023 777 4090 equitibus
805 4023 988 4092 potissimum
1008 4027 1037 4072 et
1055 4015 1248 4070 auxiliaribus
1268 4023 1377 4082 tribe

169 4091 232 4150 turs
253 4097 281 4141 et
301 4092 412 4158 aquila,
433 4092 499 4146 inde
518 4111 534 4145 a
553 4094 679 4148 seeundo
699 4095 786 4147 Marii
805 4093 976 4156 consulatu,
1006 4098 1079 4144 teste
1106 4089 1224 4156 Plinio,
1252 4087 1377 4158 totius?

168 4157 264 4280 pionis
287 4166 400 4232 signum
426 4165 501 4230 fuit,
517 4181 621 4234 ·quum
640 4174 724 4221 antea
742 4167 899 4236 luporum,
927 4180 1066 4234 aprorum
1084 4163 1274 4232 aliorumque
1305 4165 1377 4250 ²¹¹l

62 4253 71 4272 ι
182 4231 241 4284 ium
268 4233 379 4310 Εςὴταο
408 4246 502 4292 esseut
526 4239 682 4308 praelatae.
726 4239 833 4310 Signa,
859 4256 894 4294 ex
919 4235 1071 4306 inanipulo
1097 4234 1176 4288 suerii
1196 4239 1377 4310 coniectat

169 4313 254 4388 conto
273 4309 514 4376 praeferebantur
538 4312 661 4387 singulis
687 4313 815 4365 militum
837 4309 987 4384 ordinibus
994 4309 1082 4378 ,qui
1106 4311 1251 4378 manipuli
1269 4310 1377 4384 inde}

169 4387 218 4428 on.
259 4379 368 4434 Venilia
386 4391 469 4438 erant
488 4384 554 4438 vela
573 4385 702 4450 minora,
729 4385 836 4450 lintea,
866 4401 883 4438 e
901 4381 995 4436 contis
1019 4397 1155 4452 suspensa
1174 4388 1203 4436 et
1221 4382 1377 4454 pler-uni
