2756 4792
170 237 235 311 294
593 235 844 302 semeonis
865 237 987 348 VITB.

172 408 202 462 h.
223 409 244 460 1.
264 407 301 460 sit
329 425 344 460 s
404 405 545 458 mentatio
571 421 588 456 a
616 403 727 456 minori
752 403 789 456 od
815 403 937 458 moins.n
966 401 1073 456 Walelr.
1108 405 1204 474 prs'ma
1227 408 1261 455 st.
1281 413 1377 474 congru

173 484 253 536 sione
271 487 347 533 oeten
411 495 444 532 us
462 477 538 531 ooni.
558 477 635 546 lips.
655 501 691 518 -
708 494 776 548 quos
792 479 846 531 sill
864 476 1013 530 Caledonia
1030 478 1105 530 uiros
1122 479 1289 546 neposne-tt,
1312 491 1377 528 roser

175 553 302 618 voverit,
330 553 376 618 (ut
394 553 467 604 Anu.
485 554 519 618 6,
540 553 584 606 19.
604 557 634 602 et
651 553 700 614 13,
722 551 781 615 14.)
805 550 905 619 quoles
930 547 1028 602 adhue
1047 548 1088 602 ibi
1107 547 1278 618 superstites
1295 548 1347 602 siut
1362 548 1377 598 ir

175 641 288 680 reoossu
307 625 439 694 locisque
456 621 659 676 remotissimis
676 621 857 676 Britannias.
894 621 939 676 61.
959 639 985 674 o.
1003 625 1050 678 39.

619 765 816 822 CAPUT
852 765 964 819 mn.

262 883 316 946 An
344 879 482 942 eandem
512 879 669 940 Romanis
697 878 733 938 in
760 877 845 940 bello
873 876 1050 958 virtulem,
1080 898 1180 954 quam
1202 878 1237 936 iu
1256 897 1337 954 pace
1354 878 1377 954 la

175 967 311 1026 scissam
339 965 451 1028 adesse
482 964 644 1025 creditis?
685 961 818 1024 Nostris
840 961 891 1021 illi
911 959 1159 1022 discissionibus
1179 979 1219 1022 ac
1239 955 1377 1022 discordi

175 1049 260 1110 clari
279 1049 364 1108 vitia
385 1047 527 1108 hostium
548 1047 584 1106 in
604 1046 747 1126 gloriam
769 1045 932 1105 exercitus
953 1045 1007 1104 sui
1025 1056 1179 1104 uertunt:
1200 1063 1316 1121 quem,
1336 1063 1377 1102 cor

175 1143 320 1192 tractum
347 1149 388 1192 aa
413 1131 642 1192 diuersissimis
673 1128 848 1210 gentibus,
882 1139 919 1186 ut
939 1127 1102 1188 secundae
1122 1147 1175 1188 res
1196 1140 1329 1203 tenent,
1358 1129 1377 1184 it

174 1216 334 1276 aduersae
355 1215 548 1290 dissolvent,
582 1213 648 1274 nisi
668 1215 697 1274 si
718 1212 833 1273 Gallos
855 1223 887 1272 et
907 1210 1089 1271 Germanos
1111 1223 1143 1270 et
1164 1209 1285 1286 (pudet
1306 1212 1377 1270 dictu

175 1299 415 1358 Britannorum
455 1297 645 1376 plerosque,
689 1295 765 1356 licet
801 1295 1019 1356 dominationi
1054 1294 1183 1355 alienae
1212 1296 1377 1374 sanguinet

176 1377 395 1445 commodent,
425 1377 566 1454 diutius,
595 1387 706 1436 tamen
735 1378 840 1436 hostes
861 1393 961 1453 quam
981 1393 1109 1452 servos,
1131 1376 1207 1455 fide
1235 1387 1270 1434 et
1292 1372 1377 1454 affert

177 1459 285 1518 teneri
306 1457 442 1533 putatis.
490 1455 603 1519 Metus
630 1470 663 1518 et
684 1470 795 1518 terror
815 1469 881 1534 est,
913 1455 1050 1537 infirma
1079 1455 1214 1516 vincula
1242 1459 1377 1517 caritot*

176 1559 261 1618 quae
290 1540 346 1602 ubi
374 1541 570 1620 removeris,
602 1541 660 1618 qui
689 1539 803 1600 timere
824 1539 1002 1617 desierint,
1033 1539 1137 1598 odisse
1158 1539 1329 1616 incipient.
1376 1565 1377 1568 ¹

175 1623 266 1683 mnia
286 1624 444 1684 victoriae
465 1623 681 1684 incitamenta
701 1643 762 1702 pro
781 1623 873 1682 nobis
893 1633 982 1682 sunt.
1010 1621 1136 1681 Nullae
1151 1621 1321 1682 Romanos
1342 1617 1377 1688 coi

177 1707 269 1786 iuges
289 1708 492 1786 accendunt,
522 1709 609 1768 nulli
630 1719 784 1786 parentes
794 1705 922 1789 jugam
945 1705 1179 1783 exprobraturi
1207 1719 1301 1766 sunt.
1344 1709 1377 1776 Ar

175 1791 271 1850 nulla
297 1791 462 1870 plerisque
489 1791 621 1870 patria,
654 1801 715 1850 aut
741 1791 810 1852 alia
838 1801 896 1850 est.
948 1787 1073 1850 Paucos
1102 1807 1259 1870 numero,
1291 1791 1377 1864 circii

176 1873 319 1952 trepidos
332 1874 535 1952 ignorantia,
557 1875 682 1934 coelum
703 1873 811 1952 ipsum
832 1893 871 1932 ac
887 1891 979 1932 mare
996 1885 1028 1931 et
1039 1872 1150 1952 silvas,
1173 1873 1293 1952 ignota
1307 1867 1377 1934 omri

176 1955 478 2036 circumspectantes
506 1959 631 2018 clausos
656 1956 890 2034 quodammodo
911 1976 950 2016 ac
970 1957 1096 2018 vinctos
1117 1955 1164 2015 dii
1185 1957 1283 2018 nobis
1314 1969 1377 2016 tras

126 2057 132 2068 ·
175 2040 306 2102 derunt.
348 2041 403 2100 Ne
425 2053 548 2102 terreat
569 2061 675 2116 vanus
692 2053 840 2118 aspectus
860 2051 893 2100 et
914 2039 992 2100 auri
1001 2039 1126 2122 fulgor
1147 2051 1246 2118 atque
1268 2057 1377 2120 angen

175 2124 261 2200 quod
273 2143 378 2200 neque
392 2125 487 2204 tegit,
504 2126 792 2202 nequeuu'lnerat.
823 2123 865 2183 In
882 2125 953 2202 ipsa
968 2124 1109 2183 hostiurn
1123 2123 1193 2185 acie
1209 2109 1377 2196 invenieni

176 2217 305 2266 nostras
326 2225 451 2267 manus.
495 2210 683 2287 Agnoscent
704 2208 860 2268 Britanni
886 2213 982 2268 suam
1003 2225 1159 2266 causam:
1188 2209 1377 2286 recordaBu

177 2301 233 2349 tur
254 2290 345 2350 Galli
365 2291 510 2366 priorem
531 2291 739 2352 libertatem:
760 2291 911 2352 deserent
933 2291 1006 2352 illos
1027 2290 1129 2349 ceteri
1143 2289 1325 2372 Germani,
1376 2297 1377 2302 ’

176 2391 276 2450 quam
298 2391 404 2450 nuper
418 2375 524 2454 Usipii
546 2375 762 2454 reliquerunt.
806 2373 1075 2456 necquicquam
1097 2375 1189 2432 ultra
1198 2373 1377 2456 formidiri

177 2455 290 2517 Vacua
311 2457 462 2530 castella,
493 2478 608 2520 senum
635 2459 798 2538 coloniae,
831 2457 919 2518 inter
947 2459 1034 2518 male
1058 2469 1211 2537 parentes
1233 2471 1271 2518 et
1297 2447 1377 2528 inid

176 2541 383 2616 imperantes,
405 2550 507 2621 aegra
529 2543 709 2619 municipia
730 2554 763 2602 et
784 2541 1018 2604 discordantia.
1060 2539 1127 2600 Hic
1148 2541 1226 2614 due,
1252 2544 1314 2605 nic
1330 2533 1377 2606 exi

175 2623 279 2684 citus:
300 2625 347 2684 ibi
368 2626 495 2686 tributa
516 2640 548 2686 et
570 2628 704 2688 metalla
724 2639 756 2684 et
777 2637 903 2687 ceterae
923 2627 1137 2686 servientium
1158 2645 1313 2707 poenae,
1343 2615 1377 2708 qi

92 2739 95 2744 ·
178 2707 214 2765 in
245 2719 420 2768 aeternum
453 2710 619 2793 perferre,
654 2721 713 2769 aut
741 2710 854 2769 statim
885 2710 1013 2780 ulcisci,
1050 2710 1086 2768 in
1116 2710 1176 2770 icoc
1191 2729 1326 2788 ¹canapo
1363 2709 1377 2772 d

176 2789 318 2851 Proinde
340 2794 422 2853 ituri
444 2793 480 2852 in
501 2795 603 2854 aciem
625 2806 657 2852 et
679 2793 819 2852 maiores
839 2805 964 2854 vestros
986 2806 1018 2852 et
1037 2805 1182 2872 posteros
1203 2797 1377 2872 cogitate,

249 2930 275 2979 1.
313 2928 360 2980 An
379 2928 492 2981 eandem
509 2928 643 2981 Romanis
660 2957 697 2968 ·-
715 2927 846 2982 creditis?
883 2928 961 2982 Haeo
984 2927 1072 2982 verbs
1096 2927 1131 2980 sd
1155 2945 1217 2997 cap.
1245 2933 1288 2986 31
1312 2942 1377 3002 reto

176 3005 247 3050 runt
265 2997 333 3069 Bip.
350 3017 422 3068 qnos
441 3001 533 3052 secuti
553 3001 749 3054 suntOb.D1-.
769 3001 891 3070 aliique.
930 2999 986 3054 Sed
1005 3001 1047 3054 ito
1064 3000 1163 3068 potius
1182 2999 1214 3052 hi
1237 3013 1337 3060 arcto
1359 3009 1377 3076 q

177 3069 276 3124 innota
303 3071 469 3125 distraxisse
495 3071 642 3126 videntur.
688 3072 770 3139 Quod
795 3073 877 3126 enim
901 3081 1033 3126 metuero
1053 3073 1119 3141 quis
1137 3081 1259 3142 poterat
1282 3088 1345 3130 ant
1376 3077 1377 3092 ³

177 3141 237 3194 tori
255 3141 426 3209 obvertere,
451 3142 501 3196 hio
522 3144 611 3197 diluit
628 3145 740 3210 vorbis,
769 3161 843 3213 quoe
861 3145 997 3214 proximo
1018 3144 1082 3198 illis
1101 3145 1351 3220 subiunguntur.
1376 3143 1377 3190 ἐ

176 3217 310 3278 sciolum,
329 3225 363 3268 ut
379 3234 404 3270 o.
424 3217 450 3271 5.
470 3235 498 3268 v.
520 3217 556 3269 sd
575 3217 610 3270 G.
629 3223 674 3273 44.
694 3235 723 3268 n.
743 3221 769 3273 7.
790 3247 823 3260 -
842 3219 949 3281 adesse,
967 3236 994 3270 v.
1016 3217 1052 3270 sd
1070 3217 1147 3270 Ann.
1166 3221 1199 3277 4,
1219 3221 1271 3274 15.

248 3289 275 3342 2
313 3287 425 3344 Nostris
444 3291 491 3342 tllt
507 3291 715 3346 discessionibus
728 3289 771 3358 (in
789 3299 888 3359 partos
907 3299 936 3344 et
952 3290 1108 3350 factiones)
1123 3309 1156 3342 ac
1171 3291 1342 3351 discordiis
1362 3285 1377 3352 d

177 3359 240 3412 eda
260 3369 317 3416 vet.
336 3371 404 3417 anto
424 3361 501 3415 Pioh.
521 3371 555 3416 ut
574 3374 603 3417 ot
619 3363 684 3434 Bip.
704 3362 752 3415 Ob.
773 3361 855 3417 Seeb.
877 3365 950 3418 Liin.
977 3364 1192 3418 dissensionibus
1210 3385 1248 3420 ac
1269 3359 1377 3432 dise-ni

176 3439 222 3497 (ut
239 3433 270 3488 0.
289 3439 348 3502 to.)
368 3453 391 3490 o.
413 3438 477 3491 Urs.
498 3443 527 3489 ot
545 3437 608 3489 Vnt.
627 3439 708 3492 3429.
728 3435 806 3503 quod
825 3453 963 3507 recepero
981 3435 1061 3490 Pioh.
1081 3437 1159 3489 Brot.
1179 3437 1256 3493 Bru.
1285 3445 1335 3496 al.
1376 3471 1377 3508 i

178 3507 213 3558 of.
233 3507 270 3560 ad
289 3526 351 3580 oap.
372 3513 416 3567 12.
437 3529 465 3562 n.
485 3513 511 3566 2.
523 3513 549 3563 3.
570 3518 599 3562 et
618 3509 653 3562 ad
672 3525 734 3576 osp-
752 3511 796 3564 29.
816 3527 844 3560 n.
863 3513 888 3564 4.
909 3537 945 3550 -·
963 3515 1033 3563 uitia
1051 3510 1186 3570 hosfium,
1203 3514 1377 3576 so.Britar

176 3595 250 3632 rum.
269 3587 344 3636 vitia
361 3593 460 3638 nostra
478 3597 553 3634 oorr.
578 3583 652 3634 Mur.
697 3579 753 3634 Sed
779 3581 881 3635 eodem
908 3583 996 3636 modo
1015 3583 1139 3637 nostium
1157 3591 1346 3654 agminibus

175 3668 336 3720 manomnn,
357 3663 490 3726 respectu
508 3653 543 3706 ad
562 3654 719 3707 Britannos
737 3651 851 3720 habito)
872 3673 896 3707 c.
909 3659 954 3710 36.
975 3655 1104 3719 diotum3
1123 3657 1207 3710 Dant
1249 3662 1347 3727 „Sic
1366 3671 1377 3724 εἰ

176 3739 233 3791 que
257 3725 335 3780 Ano.
361 3731 397 3794 2,
426 3730 469 3783 15.
509 3727 630 3798 infensis
658 3727 796 3789 hostibus,
821 3727 996 3792 Germanis,
1025 3744 1151 3796 quorum
1178 3729 1240 3783 dux
1270 3727 1377 3808 loqu*

176 3796 240 3849 niv.
260 3802 296 3864 3,
316 3803 360 3856 63.
399 3802 501 3854 Sabini
515 3799 583 3867 fusi
610 3808 705 3854 castra
729 3799 816 3862 boat,
844 3801 997 3864 Romanis,
1021 3801 1060 3853 ad
1081 3801 1214 3869 praedam
1234 3811 1377 3884 relinqu

175 3868 288 3923 Similis
312 3881 409 3928 autom
437 3881 480 3929 est
504 3873 648 3926 sententia
672 3872 773 3926 Planci
801 3873 835 3925 in
860 3873 919 3926 Cic.
946 3891 990 3944 op.
1010 3873 1047 3926 ad
1065 3871 1123 3928 dir.
1144 3881 1193 3940 16,
1213 3881 1243 3932 4.
1295 3903 1341 3937 ηρ

173 3944 269 3996 aliena
292 3949 368 3999 vitia
394 3949 443 4000 line
473 3956 568 4017 gentes
591 3955 690 4000 nostra
715 3948 793 3998 mala
817 3964 896 4000 suain
912 3955 1013 4016 putent
1032 3953 1230 4002 occasionem.”
1251 3953 1364 4014 Peerl

173 4025 350 4072 contractum
369 4039 400 4074 es
417 4022 610 4075 diuersissimis
627 4023 763 4088 gentibus,
783 4037 818 4071 ox
836 4019 1003 4083 Britannis,
1023 4021 1156 4086 Batavis,
1176 4021 1246 4078 Tun
1277 4031 1349 4094 ris,
1376 4037 1377 4080 l

175 4089 226 4155 lis,
247 4093 339 4146 Italis.
361 4113 386 4146 v.
408 4111 469 4163 cap.
491 4099 533 4149 13.
554 4095 598 4149 32.
618 4097 662 4148 36.
684 4093 720 4144 H.
740 4096 774 4157 2‘,
795 4097 863 4156 199,
883 4097 909 4148 3.
948 4093 1005 4157 „td
1029 4093 1116 4147 valde
1144 4043 1377 4168 perioiffosuu

175 4163 274 4238 Voget.
298 4171 331 4228 3,
350 4169 376 4220 4.
406 4174 435 4218 et
453 4167 551 4235 Polyb.
580 4170 614 4232 1,
633 4169 677 4221 67.
707 4165 759 4236 qui
785 4181 844 4218 non
871 4164 1019 4220 immerito
1047 4167 1174 4220 miratur
1198 4169 1377 4262 Hannibal

174 4237 252 4304 quod
271 4238 359 4292 toloni
379 4239 540 4292 exercitum
560 4246 639 4291 tanta
656 4237 815 4309 prudentia
839 4239 970 4303 rexerit,
1002 4247 1034 4290 ut
1052 4255 1107 4308 per
1125 4240 1190 4292 xv1
1211 4261 1330 4302 annos
1360 4271 1377 4310 1,

175 4325 231 4361 noo
249 4311 328 4364 inter·
347 4311 423 4381 ipsos
443 4327 497 4364 noo
516 4311 654 4365 adversus
673 4311 777 4364 ducem
796 4311 899 4365 seditio
919 4311 1095 4364 exstiterit.''
1122 4312 1196 4365 Vini.
1216 4344 1256 4356 -
1286 4335 1377 4388 W„

174 4391 344 4444 restarent,
371 4384 543 4448 continent,
569 4385 616 4436 oui
641 4401 707 4455 opp.
734 4384 891 4437 dissolvent.
912 4414 948 4426 -
984 4383 1050 4450 Nisi
1066 4390 1112 4440 si.-
1139 4387 1377 4458 „Pleonammj
