2770 4792
514 184 657 252 CAPUT
686 189 712 250 l.
1164 201 1226 264 209
1264 136 1267 140 1

28 347 66 402 len
82 353 266 421 vertebatur,
305 353 331 406 si
359 351 424 423 quis
451 369 532 406 suam
555 352 618 423 ipse
643 353 735 408 vitam
759 365 901 412 mereret.
947 357 986 412 Ge
1008 399 1014 410 .
1034 363 1062 416 2.
1092 363 1133 416 As
1150 363 1223 418 mihi

27 425 74 482 (un
98 424 133 477 ab
157 425 206 480 bis
230 425 327 482 verbis
350 422 471 478 initium
495 441 555 495 cap.
575 425 742 480 iaciendum
765 436 825 495 est,
857 447 917 486 non
933 449 950 484 a
1006 433 1113 504 gemus)
1137 455 1220 496 nune,

27 493 73 547 bisce
86 499 286 568 temporibus,
322 497 426 567 quibus
448 497 528 550 viros
551 497 729 552 clarissimos
747 499 878 556 laudasse
897 501 1020 574 capitale
1039 521 1134 576 nuper
1151 509 1217 574 fuit,

25 577 144 622 scetem
162 575 251 624 111111
268 567 395 639 defuncti
411 569 548 630 bominis,
578 573 675 636 (caute
701 570 812 626 dicmm
830 591 886 644 pro
903 591 1002 630 cereno
1020 582 1116 634 secati
1132 577 1217 646 bom.)

24 639 75 706 pado
91 649 160 712 post
178 643 290 697 obitum
309 642 386 708 eius,
405 645 487 696 senis
505 641 695 710 (Nacbsicht)
712 646 830 713 petenda
840 643 923 714 suit,
943 655 1004 714 est,
1024 652 1076 716 (ci.
1096 658 1163 704 nota
1176 654 1215 722 2.)

24 729 71 778 pm
92 732 154 768 acie
173 720 323 785 petissem,
356 722 502 786 peterem,
535 719 569 767 ni
590 723 757 770 cursaturus
782 733 890 785 essem,
925 721 984 772 nisi
1003 720 1216 778 decurrendum

24 781 64 835 uili
76 793 153 840 emet
169 804 227 857 per
242 796 301 842 tam
318 806 401 842 saecu
418 794 446 840 et
463 787 615 842 uirtutibus
633 786 741 857 insecta
759 795 900 859 temporo,
920 791 1022 860 quibus
1042 793 1128 848 etiam
1140 813 1217 850 nunc

24 853 187 940 (npmunm
207 859 264 914 iam
281 862 382 914 Nerva
400 866 429 914 et
447 858 584 926 Traiano)
604 859 743 928 impuniti
767 869 936 932 supersunt,
966 879 1091 932 quorum
1117 868 1217 920 crimi-

24 931 151 985 utnnibus
170 932 309 1017 Δςτίοοὶε
327 931 457 998 cecidit,
486 931 538 1000 qui
562 931 670 984 multos
687 933 903 988 infamaverunt
921 936 1045 990 occultis
1064 937 1216 992 delationi·
1259 992 1263 1000 ,

24 998 49 1052 lu
65 1011 90 1056 et
118 1003 159 1056 cb
183 1005 407 1058 similitudinem
433 1019 550 1056 morum
568 1003 663 1058 aliena
682 1005 758 1058 male
775 1007 853 1060 facta
870 1007 924 1062 sibi
943 1007 1081 1062 obiectari
1100 1019 1214 1080 putant,

23 1086 107 1137 qeomm
128 1076 236 1130 saltem
253 1077 366 1148 posteri
383 1083 517 1140 manent,
545 1075 600 1140 (ita
619 1075 690 1129 Arm.
711 1081 744 1144 1,
763 1079 821 1144 33.)
841 1097 869 1132 v.
890 1096 914 1131 c.
936 1089 1114 1135 accusatores
1142 1086 1216 1136 -Aru-

23 1144 52 1196 111
61 1148 177 1202 liuttici
184 1187 195 1211 ,
231 1150 367 1204 Thraseae
387 1147 481 1208 Paeti,
514 1147 652 1202 Herennii
677 1149 834 1204 Senecionis
852 1159 880 1202 et
894 1151 1017 1207 Recidit
1034 1151 1141 1215 Prisci,
1177 1157 1214 1208 M.

22 1213 121 1291 flendus,
144 1221 186 1284 (v.
199 1219 298 1276 Aurel.
314 1223 387 1276 Vict.
409 1219 547 1292 spietz.)
568 1220 685 1274 Publius
697 1221 810 1288 Certus,
830 1221 917 1291 (Plin.
939 1241 983 1294 ep.
994 1229 1088 1290 9,13.)
1107 1228 1143 1280 Μ.
1163 1227 1216 1282 Ga-

21 1303 56 1352 re,
71 1293 165 1357 (Plin.
185 1310 230 1363 ep.
249 1299 281 1357 7,
302 1296 362 1362 19.)
384 1293 505 1348 Baebius
529 1294 618 1348 Massa
637 1293 718 1369 (Ag-r.
740 1312 764 1348 c.
784 1297 844 1358 15.)
863 1296 982 1364 aliique.
1011 1297 1069 1362 (cf.
1089 1298 1125 1352 ed
1143 1315 1168 1352 c.
1186 1303 1214 1358 3.

21 1365 72 1431 11.)
121 1364 193 1434 Gap.
213 1370 238 1422 3.
268 1365 349 1420 Nunc
365 1366 472 1418 &mum
490 1364 564 1419 redit
581 1369 693 1420 animus
711 1374 739 1418 et
757 1368 888 1434 liberios,-
913 1375 943 1421 at
961 1371 1066 1422 sensim
1085 1387 1118 1424 ac
1136 1371 1215 1426 lente

19 1433 119 1506 &duur
143 1437 290 1492 scribendi
314 1438 472 1509 cupiditas,
505 1453 596 1506 quum
622 1441 740 1510 ingenia
764 1439 909 1510 studiaque
924 1438 1044 1510 facilius
1069 1459 1101 1494 ac
1126 1445 1214 1498 citius

19 1513 202 1573 circumeamus,
231 1529 313 1582 quarn
340 1517 516 1570 revocentur,
553 1517 581 1564 et
601 1513 693 1566 ineisa
707 1514 801 1581 primo
819 1513 925 1566 desidia
939 1521 1079 1582 postremo
1097 1524 1213 1568 ametur.

19 1575 58 1656 1110
77 1581 182 1636 veniae
201 1599 282 1652 spem
301 1583 452 1654 concipio,
471 1583 496 1635 si
513 1582 653 1636 Historias
672 1590 700 1636 et
719 1583 862 1651 Annales,
887 1601 1018 1638 necnon
1039 1585 1146 1638 librum
1164 1587 1213 1642 de-

18 1650 54 1704 nde
67 1653 106 1706 de
124 1653 252 1724 irnperio
270 1657 385 1711 Nervae
403 1671 436 1708 ac
454 1655 587 1721 Traiani,
615 1653 665 1708 sed
682 1655 765 1724 prius
783 1656 864 1710 huno
883 1656 1018 1710 libellum
1036 1659 1163 1712 scribere
1182 1661 1214 1712 in

18 1723 112 1778 eduum
140 1725 311 1782 induerer
359 1727 454 1781 Minus
481 1726 646 1797 probabiles
677 1735 745 1780 sunt
768 1727 896 1781 aliorum
921 1729 1016 1798 intpp.
1045 1732 1212 1798 sententiae,

17 1791 144 1865 dequibus
165 1816 193 1852 v.
213 1799 249 1852 ad
269 1817 331 1871 cap.
350 1804 370 1856 2
386 1817 431 1870 pr.
453 1829 486 1842 -
522 1800 666 1854 clarorme
693 1804 816 1854 virorum
835 1800 922 1869 sacta
938 1819 1093 1871 moresque,
1123 1803 1214 1858 vitem

16 1867 134 1932 publicem
165 1872 386 1942 privatamque,
419 1871 541 1938 (temen
564 1891 587 1924 s.
610 1871 796 1944 madungen
821 1875 880 1926 und
902 1871 1066 1940 dburelter)
1095 1880 1215 1944 posteris

16 1943 103 2004 tradere,
123 1943 204 2012 quod
223 1948 380 2016 antiquitus
398 1948 537 2005 mitatem
554 1945 627 2014 fuit,
647 1963 680 1998 ne
699 1951 804 2000 nostres
822 1946 931 2016 quidem
948 1946 1119 2016 temporibus
1138 1957 1215 2004 mas

15 2019 90 2068 misit.
128 2013 180 2070 Sic
199 2016 361 2072 illustrium
380 2017 605 2072 viremmvitas
625 2019 805 2088 scripserunt
823 2018 925 2081 multi,
951 2036 977 2072 v.
998 2035 1023 2070 c.
1044 2019 1075 2073 (1.
1096 2019 1214 2092 Oppius,

15 2085 133 2152 1617,
156 2089 196 2151 1.)
223 2089 252 2142 (1.
280 2091 371 2143 lulius
388 2091 437 2160 Hy
460 2089 688 2156 inus(Gell.1‚
709 2093 868 2156 11.7,1.)
896 2089 984 2144 Corn.
1004 2091 1120 2162 Nepos,
1148 2093 1215 2145 Plu·

15 2161 112 2224 meus,
133 2157 236 2213 Aurei.
246 2161 362 2227 Victor,¹
382 2164 419 2215 Μ.
438 2107 460 2218 1

15 2240 92 2296 net,
112 2239 145 2286 et
163 2233 358 2302 prolixiorem
377 2235 464 2288 Corn.
484 2236 590 2305 Nepos,
610 2236 640 2288 P.
654 2233 801 2304 Scipionis
818 2235 908 2288 Afric.
929 2235 1103 2306 complures,
1124 2235 1213 2304 (Gall.

14 2303 80 2370 11.)
105 2304 228 2379 Virgilii
247 2306 277 2360 (1.
299 2307 389 2360 lulius
408 2307 561 2381 Hyginus,
591 2305 683 2374 (Gell.
704 2311 752 2374 16,
771 2309 813 2372 6.)
842 2306 1015 2374 Suetonius,
1040 2309 1168 2362 Donatus
1186 2316 1216 2363 et

13 2373 51 2438 elii,
82 2377 235 2431 Ciceronis
263 2379 296 2431 1..
323 2379 477 2446 Lucceius,
508 2383 548 2447 (v.
569 2379 632 2433 (110.
654 2395 698 2450 ep.
718 2384 751 2445 5,
771 2383 815 2434 12.
836 2387 866 2435 et
884 2377 920 2432 ad
939 2379 999 2433 Att.
1018 2384 1054 2445 1,
1073 2383 1115 2445 6.)
1143 2380 1214 2434 Tiro

13 2453 27 2495 tl
37 2450 119 2502 Corn.
141 2451 253 2520 Nepos,
285 2451 378 2518 (Gell.
400 2454 453 2518 15,
471 2453 533 2516 28.)
560 2451 592 2506 G.
620 2451 753 2506 Sallustii
782 2451 879 2521 Crispi
904 2451 1047 2506 Asconius
1067 2451 1214 2520 Pedianus,

12 2515 192 2594 chmponii
210 2522 336 2578 Secundi
356 2524 466 2578 Plinius
484 2524 594 2590 maior,
615 2523 701 2592 (Plin.
723 2541 768 2594 ep.
788 2529 815 2588 3,
836 2525 875 2588 5.)
895 2523 1019 2576 Musonii
1036 2523 1115 2578 Bassi
1128 2525 1215 2578 Clau·

12 2587 46 2645 liu
66 2595 183 2658 Pollio,
204 2594 292 2664 (Plin.
312 2613 357 2667 ep.
377 2601 412 2660 7,
431 2599 490 2662 31.)
520 2597 591 2650 lulii
614 2595 735 2650 Asiatici
762 2595 855 2648 lulius
879 2593 1043 2657 Secundus,
1070 2595 1153 2660 (dial.
1179 2595 1215 2650 de

12 2671 107 2732 1111.)
125 2665 269 2722 Thraseae
288 2669 368 2724 Paeti
388 2676 416 2722 et
435 2667 570 2723 Helvidii
589 2667 680 2722 Prisci
698 2667 800 2721 Iunius
816 2667 963 2720 Arulenus
981 2667 1124 2731 Rusticus,
1144 2668 1215 2732 (nisi

10 2729 84 2791 lirin
100 2739 167 2792 vita
183 2739 326 2796 'l'braseae
344 2741 431 2796 etiam
450 2741 548 2796 leudes
566 2740 698 2794 Helvidii
718 2739 811 2794 edidit
834 2747 863 2794 et
889 2739 929 2790 ita
947 2739 1130 2794 concilianda
1148 2749 1216 2800 sunt

11 2805 47 2862 lte
66 2811 141 2886 Agr.
162 2815 189 2868 2
218 2813 297 2868 Suet.
317 2814 401 2868 Dom.
422 2818 464 2869 to.
492 2813 714 2879 etDionisd7,
735 2813 794 2878 13.)
822 2809 955 2865 Helvidii
983 2810 1075 2864 Prisci
1103 2811 1215 2865 Heren-

11 2881 47 2935 u'us
66 2883 203 2950 Senecio,
223 2885 289 2954 (ini.
309 2903 335 2940 c.
354 2889 381 2943 2.
401 2886 476 2940 Plin.
497 2903 543 2956 ep.
562 2889 598 2952 7,
618 2886 674 2955 19.)
702 2886 919 2956 Imperatorum
943 2883 1023 2936 llom.
1050 2882 1214 2948 Suetonius,

10 2953 84 3009 luel.
103 2957 222 3023 Victor,
258 2957 418 3028 Eutropius
438 2966 467 3012 et
485 2958 588 3012 domus
602 2959 747 3033 Augustae
766 2957 937 3026 scriptores,
967 2963 1158 3026 pamouocum
1176 2955 1215 3009 li-

9 3019 74 3092 1111,
96 3029 188 3092 (Suet.
209 3029 334 3084 declar.
353 3029 437 3084 Rbet.
456 3033 499 3098 3.)
518 3038 670 3101 postumum
688 3037 893 3097 oratorumque
912 3027 1000 3082 Corn.
1021 3029 1127 3098 Nepos,
1147 3025 1215 3082 rhe-

9 3100 82 3152 temm
100 3109 131 3154 et
149 3103 406 3177 grammaticorum
425 3101 588 3158 Suetonius.
635 3103 722 3156 Suam
748 3104 808 3172 ipsi
824 3105 914 3154 eitam
932 3109 1091 3154 narrarunt
1109 3101 1137 3154 P.
1156 3101 1215 3154 nu-

8 3173 67 3225 tius
86 3173 195 3240 Rufus,
225 3174 276 3244 qui
301 3175 387 3230 etiam
414 3175 560 3230 orationes
585 3183 614 3232 et
638 3173 776 3230 historias
794 3173 925 3242 scripsit,
954 3173 1213 3246 (v.1sidor.orig.

7 3241 35 3310 1,
56 3251 82 3299 1.
102 3254 133 3299 et
153 3245 278 3312 charia)
306 3249 344 3302 Μ.
366 3249 508 3311 &cue-us,
535 3253 577 3314 (v.
602 3248 668 3302 loca
685 3246 819 3317 alsipsio
843 3245 902 3298 iem
920 3244 1034 3298 laudata
1053 3244 1112 3298 cio.
1132 3244 1213 3298 Brut.

7 3313 28 3370 11
58 3319 133 3372 Plin.
153 3323 205 3384 33,
225 3323 251 3375 c.
280 3319 375 3374 Valer.
396 3321 470 3374 Max.
489 3324 522 3387 1,
542 3317 599 3386 11.)
637 3322 674 3372 Μ.
694 3317 846 3374 Terentius
864 3318 956 3370 Varro
975 3316 1093 3385 aliique.
1131 3318 1215 3370 Prae·

7 3393 59 3444 inea
79 3393 185 3445 funere
203 3391 321 3461 publico
340 3393 410 3447 elati
427 3409 482 3464 pro
500 3393 605 3447 rostris
630 3391 838 3450 laudabantur,
876 3389 1040 3457 saepissime
1064 3395 1131 3441 ante
1155 3389 1214 3440 lm-

6 3471 154 3528 11111οη11
172 3472 320 3535 tempora,
338 3481 545 3536 nonnunquam
565 3473 594 3518 et
610 3463 674 3532 bis,
699 3471 732 3518 ut
752 3465 781 3518 P.
800 3460 951 3536 Virginius
969 3459 1059 3513 Rufus
1077 3477 1093 3512 a
1111 3459 1213 3512 Tacito

7 3543 101 3602 uuio,
133 3537 225 3601 (Plin.
247 3553 291 3606 ep.
310 3539 343 3603 2,
364 3537 404 3606 1.)
437 3537 471 3590 L.
496 3537 633 3592 Vitellius
662 3535 754 3604 (Suet.
779 3535 837 3586 vit.
861 3537 903 3596 3.)
929 3540 958 3586 et
981 3532 1042 3584 alii.
1081 3529 1124 3584 Gi.
1144 3531 1211 3584 Tac.

7 3603 57 3658 ten
77 3613 114 3674 3,
134 3613 182 3666 76
202 3613 237 3675 1,
258 3612 301 3666 12.
321 3613 371 3676 16,
390 3613 417 3666 6.
451 3609 679 3679 imperatoribus
707 3623 777 3663 vero
795 3605 877 3660 Rom.
896 3603 1089 3678 panegyricos
1114 3602 1213 3658 dixere

6 3673 92 3732 linies
110 3683 195 3748 ium,
224 3680 338 3734 Claudii
358 3681 537 3750 llamertini,
564 3682 742 3748 Eumenius,
770 3679 928 3744 Nasarius,
958 3675 1076 3730 Latinus
1094 3676 1214 3732 Pacatus

461 2162 536 2216 orcii
554 2162 674 2216 Catenis
694 2169 723 2215 et
739 2162 918 2228 breviorem,
938 2179 1011 2232 qssae
1030 2165 1119 2216 etiam
1137 2181 1214 2220 nunc

5 3745 158 3820 1111110111.
195 3753 272 3815 „Vir
288 3757 382 3809 clarus
401 3754 432 3808 b.
451 3755 472 3808 l.
493 3771 551 3810 non
571 3755 667 3809 clarus
684 3751 842 3818 natalibus,
869 3749 985 3828 opibus,
1004 3749 1036 3801 in
1055 3748 1158 3818 quovis
1176 3748 1213 3801 li·
1316 3769 1321 3774 ·

5 3825 111 3878 lemma
138 3827 251 3892 studio,
286 3827 336 3882 sed
357 3835 391 3880 ut
412 3845 462 3897 ap.
493 3827 554 3882 (110.
575 3827 610 3880 de
630 3843 673 3882 or.
691 3829 724 3892 2,
744 3827 789 3882 37.
826 3825 919 3876 clarus
944 3823 1039 3893 gioria
1064 3827 1093 3874 et
1114 3823 1213 3892 gremia

4 3903 174 3952 tessrisates
208 3899 261 3953 ille
285 3899 371 3966 belli,
401 3897 451 3952 hic
474 3901 554 3970 pacis
571 3899 680 3954 artibus
699 3896 881 3967 conspicuus.
918 3895 1123 3966 Amplissimees
1141 3892 1212 3947 olim

4 3962 134 4024 icebatur
158 3971 287 4042 quilibet
310 3979 439 4039 senator,
466 3973 542 4038 (Cic.
571 3989 601 4043 p.
621 3971 649 4026 S.
670 3971 832 4037 1101036.)
858 3976 887 4021 et
911 3969 1084 4021 chrissimus
1108 3965 1213 4019 seriori

5 4057 66 4106 ese,
98 4061 162 4114 quo
185 4043 334 4098 bonorum
360 4045 594 4170 &ditatumque
617 4045 722 4120 gradus
747 4041 806 4094 hoc
834 4039 937 4094 ordine
964 4059 994 4094 se
1013 4039 1211 4107 excipiebant:

5 4107 128 4177 Imma,
159 4117 346 4186 Spectabiies,
1204 4180 1211 4192 Ι

5 4185 134 4250 ''ml'’
165 4189 245 4260 quod
273 4189 392 4259 quidem
412 4207 471 4244 non
489 4191 590 4262 plane,
622 4191 673 4243 sed
689 4186 782 4262 tnagis
801 4193 899 4238 tamen
918 4202 1004 4255 quam
1021 4179 1147 4235 berdbmt
1166 4180 1213 4232 111ι

5 4257 51 4308 resi
77 4263 246 4332 respondet.
286 4263 331 4316 Gi.
362 4262 441 4315 Cort.
470 4263 506 4315 ad
534 4261 603 4316 Sall.
630 4261 761 4326 (11151,
781 4262 825 4316 te
859 4257 947 4311 Drak.
974 4255 1011 4308 ad
1035 4253 1097 4306 hir.
1118 4255 1166 4317 31,
1187 4255 1212 4306 5.

4 4323 120 4408 llffling.
149 4335 222 4390 obss.
249 4329 962 4406 11111.ρ.181.1“010011.11111.11111ιηί11.
1001 4328 1099 4380 omisit
1121 4330 1214 4392 neque

41 4429 101 4500 opp.
121 4434 184 4487 rae.
208 4435 236 4487 r.
251 4433 303 4488 ιν.
845 4410 892 4478 11

376 4119 398 4170 C
426 4120 555 4178 riccimi,
588 4115 803 4186 Perseetieeimi,
834 4113 959 4184 Egregii.
998 4108 1211 4166 censetisne.
1316 4143 1321 4150 ·
