2770 4792
196 200 259 268 nro
390 273 392 286 ¹
613 156 864 260 sermome
885 196 1009 262 wan.

197 373 426 454 comparetur,
456 361 645 446 angustius,
684 365 790 425 nostri
826 366 939 426 maris-
959 364 1084 426 insulas
1113 371 1254 446 superat.
1296 359 1370 432 Solon

197 453 389 532 caelumque
419 457 452 509 et
482 449 615 532 ingenia
644 447 819 528 cultusque
848 448 1019 510 hominum
1040 446 1130 508 haud
1150 449 1282 508 multum
1298 445 1370 506 obri

197 537 311 598 annia
341 531 509 594 differunt.
560 527 683 590 Melius
717 528 827 592 aditus
861 541 1045 614 portusque
1074 550 1136 613 per
1163 531 1370 591 commerciis

197 620 417 704 negotiatores
449 613 582 698 cogniti.
642 611 798 696 Agricola
839 616 1012 698 expulsum
1050 612 1212 676 seditione
1244 611 1370 674 domestic

196 721 300 764 unum
323 719 362 764 ex
383 697 507 784 regulis
528 697 635 782 gentis
657 705 832 780 exceperat
868 717 907 758 ac
937 699 1047 781 specie
1078 699 1242 758 amicitiae
1271 698 1300 755 in
1317 711 1370 754 occa

196 790 322 850 aionem
343 781 515 844 retinebat.
558 776 664 862 Saepe
685 800 725 842 ex
747 799 785 844 eo
806 779 938 861 audivi,
976 782 1106 867 legione
1134 801 1202 842 una
1232 787 1264 841 et
1280 775 1370 850 modici

195 869 327 931 auxiliis
349 865 507 927 debellari
527 863 740 945 obtinerique
760 863 960 926 Hiberniam
981 883 1097 947 posse,
1125 861 1225 945 idque
1246 865 1332 923 etiam
1348 853 1370 920 al

194 972 312 1016 versus
337 948 541 1009 Britanniam
562 949 796 1027 profuturum,
818 949 847 1008 si
869 947 1015 1009 Romana
1036 947 1160 1030 ubique
1180 965 1289 1024 arma,
1308 954 1334 1006 et
1348 959 1370 1004 u

194 1037 244 1098 lut
264 1055 283 1098 e
304 1037 481 1115 conspectu
503 1029 637 1090 libertas
658 1031 841 1092 tolleretur.

267 1155 292 1206 1.
334 1149 437 1216 Quinto
461 1145 663 1215 expeditionum
688 1163 763 1198 anno
789 1145 824 1199 U.
854 1162 878 1198 c.
904 1149 966 1202 837.
991 1161 1020 1214 p.
1051 1144 1121 1199 chr.
1148 1163 1177 1198 n.
1197 1147 1241 1200 8⁶..
1267 1172 1300 1183 -
1326 1157 1370 1202 „nt

193 1229 286 1294 prima
304 1221 452 1286 omnium,
472 1235 545 1288 quae
565 1234 628 1270 oras
648 1218 715 1270 illas
734 1217 859 1270 scrutari
878 1235 962 1274 ausae
981 1225 1067 1286 sunt,
1087 1227 1273 1289 transgresus
1290 1221 1326 1268 est
1341 1211 1370 1278 ill

160 1308 161 1314 ’
195 1305 269 1361 tarn,
297 1293 487 1356 aestuarium,
513 1293 537 1344 le
561 1289 641 1358 Golse
664 1291 694 1341 ele
711 1291 893 1350 Dunbarton‚
920 1298 949 1344 et
967 1295 1056 1360 copiis
1083 1296 1219 1346 instruxit
1236 1307 1294 1344 eam
1307 1283 1370 1357 paul

194 1371 370 1428 Britanniae,
403 1382 470 1434 quae
489 1364 652 1417 Hiberniam
670 1367 786 1432 aapicit,
811 1379 918 1432 nempe
937 1363 1104 1433 provincias
1125 1363 1259 1431 Cantire,
1288 1349 1370 1414 Garri&

196 1441 365 1508 Galloway,
386 1433 495 1511 wight
514 1443 569 1490 cet.
608 1435 681 1488 Male
700 1441 794 1488 tentat
813 1435 958 1488 Bleterius
976 1454 1064 1508 gnane
1083 1445 1281 1508 transgressus,
1300 1441 1324 1486 et
1340 1432 1370 1482 Hi

195 1513 254 1566 tius
272 1513 385 1566 navibus
403 1514 599 1576 cumprimum
618 1507 833 1579 transgreaaua.’'
851 1507 926 1560 Brot.
964 1527 1023 1562 uere
1040 1513 1133 1578 primo
1151 1511 1227 1563 coni.
1247 1506 1328 1562 Beck.
1346 1517 1370 1569 ql

196 1585 254 1639 iter
282 1593 360 1638 terra
384 1582 511 1652 patuerit
539 1588 567 1636 et
595 1581 694 1634 classis
720 1597 794 1634 anno
822 1597 881 1650 seq.
907 1579 1024 1633 dernurn
1046 1589 1154 1650 parata.
1200 1581 1258 1636 Sed
1276 1569 1370 1653 Agrictl

196 1657 353 1711 orientales
370 1654 483 1708 Scotiae
502 1653 650 1708 orientalis
689 1659 766 1706 artes
784 1651 955 1706 victricibus
975 1653 1064 1706 annis
1082 1661 1294 1728 transgressus,
1320 1647 1370 1702 adl

197 1729 353 1783 cidentales
371 1745 450 1780 nunc
468 1725 617 1796 procedit,
648 1670 688 1777 ai
703 1725 863 1791 aestuaria,
891 1724 973 1777 sinus
995 1733 1023 1778 et
1042 1725 1166 1778 insulas:
1204 1743 1295 1796 quare
1311 1709 1370 1800 narii

197 1803 314 1872 clepus
333 1801 508 1864 erat3Arat.
542 1799 585 1852 Gi.
605 1795 641 1850 ad
659 1815 683 1849 c.
704 1800 747 1851 25.
768 1815 796 1849 n.
816 1799 841 1850 2.
881 1797 958 1850 Hinc
976 1816 1043 1851 naue
1057 1805 1154 1868 prima
1174 1799 1286 1852 dictum
1305 1809 1370 1866 prol

197 1875 273 1930 uidua
290 1878 422 1943 primum.
442 1890 469 1924 v.
490 1869 527 1924 ad
544 1871 619 1923 Ann.
635 1873 668 1934 3,
687 1871 732 1925 29.
753 1877 782 1922 et
800 1873 848 1930 14,
869 1873 913 1924 1⁰.
952 1868 1112 1945 Sellingius
1132 1879 1160 1924 et
1178 1871 1311 1924 Ricklel's
1335 1879 1370 1938 ex]

198 1954 285 1998 nunt:
305 1943 446 2020 Agricola
465 1943 528 2013 (qui
547 1940 655 1996 Romae
673 1941 722 1994 vel
741 1941 812 1994 alibi
830 1944 926 1996 fuerat
944 1959 1000 2012 per
1016 1940 1159 2010 hiemem)
1185 1944 1220 1996 in
1242 1939 1370 2010 Britanni

196 2028 381 2088 trangressus
398 2034 478 2076 naue,
499 2033 555 2084 qua
572 2019 680 2083 prima,
699 2014 848 2083 primum,
875 2014 1011 2088 navigari
1029 2016 1135 2084 potuit.
1155 2045 1191 2055 —
1228 2021 1260 2069 in
1278 2015 1370 2088 aperui

196 2085 942 2230 titatiP⁵i¹ti0l¹¹ililtit.t¹;‘⁶.ii,.'t.allt⁰
968 2087 1370 2228 {litiniafliitiilta

198 2253 278 2288 arun
296 2199 377 2287 uim.
396 2232 562 2286 ostentanda
580 2231 665 2284 illam
683 2231 850 2284 Britanniae
869 2239 984 2300 partem
1009 2231 1099 2303 copiis
1126 2233 1332 2294 instruxisset,
1361 2241 1370 2298 t

198 2307 306 2377 species
334 2306 387 2358 illa
409 2304 514 2374 absque
526 2303 681 2374 formidine
700 2320 758 2356 non
777 2305 908 2356 fuisset.”
934 2303 1006 2357 Pan
1045 2305 1090 2358 of.
1111 2305 1148 2359 ad
1166 2321 1229 2376 cap.
1252 2309 1280 2360 5.
1302 2323 1329 2356 n.
1348 2303 1370 2378 2,

199 2381 331 2434 Hibernia
347 2378 448 2449 medio,
476 2377 507 2428 in
526 2377 640 2442 medie,
666 2379 707 2442 (t.
726 2375 763 2428 ad
782 2375 818 2428 Η.
837 2381 874 2440 3,
896 2379 946 2444 19,
966 2379 1008 2439 2.)
1041 2383 1115 2431 inter
1138 2378 1329 2434 Britanniam
1353 2383 1370 2430 tt

198 2453 363 2522 Hispaniam
375 2455 453 2514 ¹cita,
472 2467 559 2518 quem
577 2449 664 2502 sitnm
684 2447 711 2501 ei
729 2447 813 2500 dabat
831 2449 1010 2533 geographia
1029 2449 1111 2504 illius
1129 2451 1211 2504 aevi:
1242 2469 1315 2504 nam
1335 2435 1370 2522 igi

199 2525 235 2578 ad
253 2532 362 2592 etpost
390 2522 422 2576 id
447 2529 562 2592 tempus
588 2520 724 2575 Romanis
758 2537 812 2574 nec
848 2520 906 2573 nisa
924 2539 977 2590 per
1001 2527 1165 2576 commercia
1189 2532 1218 2578 et
1244 2517 1370 2596 negaturi

199 2597 316 2672 cognita
334 2597 481 2655 Hibernia,
499 2595 632 2667 'looepnia
650 2613 671 2649 e.
690 2593 791 2665 Ἰέρνη,
809 2591 939 2654 Iuvernae,
960 2595 1052 2659 ierne,
1072 2595 1190 2664 eiusque
1209 2605 1340 2670 gentes,
1359 2595 1370 2676 i

198 2687 267 2740 quas
287 2668 374 2722 etiam
393 2667 492 2722 Scotos
518 2668 650 2720 referunt
674 2665 823 2720 claudian.
854 2682 932 2719 cone.
960 2667 1035 2721 Hon.
1055 2671 1087 2734 ll,
1106 2672 1151 2724 33.
1179 2677 1208 2723 et
1234 2669 1309 2723 Stil.
1328 2671 1370 2730 aa

198 2741 302 2796 ulan.
323 2741 400 2815 orig.
421 2743 470 2804 1t,
489 2741 515 2794 o.
536 2747 565 2791 et
581 2739 661 2792 oros.
682 2742 713 2804 1,
732 2739 758 2792 a
777 2743 803 2794 a.
843 2737 886 2791 or.
905 2737 1057 2814 nauem.
1076 2743 1110 2808 2,
1130 2743 1156 2796 s.
1175 2739 1281 2795 strab.
1303 2747 1342 2806 a,
1361 2731 1370 2802 l

197 2814 272 2867 Mela
289 2818 321 2879 3,
341 2816 368 2868 6.
387 2819 415 2865 et
434 2811 506 2864 Ptol.
527 2809 579 2878 qni
596 2811 713 2874 multos,
733 2809 782 2862 sed
800 2827 903 2880 parum
923 2819 1014 2878 notos,
1034 2821 1165 2866 recenset
1183 2815 1332 2884 populos.
1367 2807 1370 2890 ,¹

197 2885 297 2939 bernia
316 2903 333 2938 a
351 2883 501 2936 Britannia
519 2899 578 2934 non
596 2882 652 2934 nisi
671 2881 756 2935 unius
776 2883 854 2950 diei,
890 2881 924 2935 ab
944 2883 1082 2956 Hispania
1106 2901 1177 2938 vero
1196 2887 1304 2939 tridui
1324 2891 1370 2962 nal

198 2959 277 3010 tione
295 2956 381 3008 abest.
418 2955 496 3006 Hinc
516 2953 548 3004 in
566 2955 729 3007 mediociter
746 2971 806 3007 non
826 2961 869 3008 est
888 2971 978 3024 aeque
998 2955 1118 3026 distans,
1148 2957 1198 3011 sed
1217 2961 1339 3014 eodem
1359 2969 1370 3012 n

198 3029 290 3098 spatio
310 3027 391 3080 sita.’'
419 3025 491 3080 rut
530 3025 692 3078 Intervalla
710 3027 827 3095 quaevis
846 3035 913 3080 sunt
930 3028 1034 3090 media,
1065 3039 1094 3084 et
1111 3032 1201 3084 medic
1219 3049 1289 3102 per
1309 3023 1370 3102 plei

199 3119 279 3154 mum
292 3099 422 3152 additum
442 3106 500 3164 est3
518 3097 587 3150 Em.
626 3098 682 3152 Sed
699 3099 790 3151 medio
808 3103 867 3152 sita
883 3101 1005 3170 proprio
1024 3119 1108 3156 sensu
1127 3103 1216 3156 dicta.
1255 3105 1310 3159 Gi.
1326 3119 1370 3180 ca}

198 3201 234 3213 -
261 3174 485 3225 valentissimam
504 3173 620 3240 imperii
636 3170 717 3224 Rom.
735 3180 862 3240 partem,
893 3173 1085 3242 Hispaniam,
1116 3175 1257 3230 Galliam
1282 3187 1315 3232 et
1336 3178 1370 3302 Bp

199 3245 293 3311 niam,
325 3247 439 3314 nequis
458 3246 574 3296 inanem
593 3244 683 3297 usibua
700 3247 860 3306 miscuerit,
891 3245 1079 3300 coniunxerit
1099 3247 1134 3299 ad
1153 3256 1285 3304 mutuos
1306 3270 1364 3302 usu

199 3317 393 3382 commercia,
422 3315 524 3386 quibus
543 3315 785 3386 opportunissima
806 3325 868 3370 erat
886 3317 1030 3372 Hibernia
1047 3317 1103 3372 bac
1122 3327 1243 3386 aetate,
1287 3341 1353 3393 qua
1369 3309 1370 3354 l

199 3389 294 3442 adhuc
314 3397 376 3443 erat
394 3407 439 3442 ars
458 3389 592 3454 nautica,
615 3389 694 3441 Brot.
722 3417 760 3429 -
791 3393 949 3453 miscuerit,
977 3397 1011 3442 ut
1038 3391 1150 3446 Graece
1178 3393 1370 3463 optativus

198 3462 301 3532 partio.
322 3461 355 3518 eiu
372 3462 496 3532 ponitur
513 3461 549 3514 de
569 3477 618 3527 eo,
653 3461 745 3530 quod,
776 3469 913 3531 tanquam
933 3463 1011 3531 quod
1029 3463 1096 3518 fieri
1113 3465 1226 3535 possit,
1275 3469 1370 3546 cogit

196 3535 277 3587 Hert.
297 3561 331 3576 -
361 3538 455 3589 nostri
472 3538 573 3594 maria,
592 3534 813 3602 mediterranei,
835 3537 955 3595 insulae,
974 3534 1130 3604 Siciliam,
1150 3537 1353 3596 Sardiniam

192 3608 380 3732 'gaiam'
417 3607 481 3674 „0ss
502 3605 600 3660 Daris.
620 3607 655 3660 ad
674 3606 751 3661 Gaea.
771 3607 797 3661 b.
819 3607 854 3660 G.
874 3609 908 3675 5,
929 3613 953 3663 1.
981 3616 1009 3662 et
1036 3608 1115 3664 Cort.
1135 3609 1171 3662 ad
1188 3609 1279 3666 san.
1306 3617 1370 3696 Ing

217 3697 259 3731 cer
288 3717 295 3731 .
1369 3699 1370 3704 ¹

266 3753 292 3806 2.
332 3752 425 3804 Solam
444 3754 596 3822 coelumque
621 3751 660 3820 (v.
681 3753 717 3805 ad
735 3769 797 3822 cap.
819 3757 860 3807 1⁰.
881 3771 908 3805 n.
930 3759 956 3810 3.
978 3761 1007 3806 et
1025 3753 1062 3805 H.
1082 3755 1116 3820 5,
1136 3757 1167 3822 7,
1187 3757 1242 3822 t..)
1283 3769 1319 3812 et
1343 3741 1370 3828 ii

196 3823 334 3893 cultaeque
352 3823 496 3877 bominum
514 3824 591 3878 baud
606 3827 724 3878 multam
745 3845 763 3878 a
780 3825 938 3880 Britannia
961 3829 990 3892 (a
1014 3825 1236 3880 Britannorum
1262 3833 1346 3888 solo
1369 3831 1370 3880 l

196 3911 252 3964 que
272 3899 341 3960 cet.)
361 3893 504 3964 afferunt.
540 3897 640 3952 Melias
657 3898 753 3954 aditus
770 3927 807 3938 ···
825 3901 944 3970 cogniti.
982 3899 1027 3951 Ita
1054 3897 1117 3952 edd.
1143 3897 1254 3954 Bhen.
1282 3909 1319 3960 2.
1344 3913 1370 3964 3}

195 3967 273 4020 Brot.
299 3967 370 4021 Ern.
395 3967 513 4024 Walch.
541 3970 578 4022 al.
607 3965 714 4037 differt.
751 3971 785 4023 In
811 3975 910 4026 meiius
928 4000 965 4010 -
982 3973 1093 4041 cogniti
1119 3969 1203 4023 codd.
1235 3974 1323 4033 Vat,
1351 3999 1370 4034 a

195 4047 262 4094 ante
280 4031 410 4095 Rhene.
446 4039 589 4110 differunt,
608 4061 656 4096 neo
673 4047 703 4095 in
717 4045 823 4097 meiius.
860 4041 1042 4112 AditusBip.
1062 4042 1110 4096 Ob.
1132 4043 1250 4098 etalii
1280 4069 1328 4106 ex
1354 4047 1370 4112 q

194 4111 278 4166 Acid.
314 4109 412 4182 differt
437 4118 468 4168 in
492 4117 599 4168 melius.
636 4115 737 4168 Aditus
757 4124 811 4169 cet.
839 4117 883 4170 ed.
910 4117 962 4169 Dr.
988 4113 1076 4168 Beck.
1102 4115 1183 4168 Hert.
1219 4118 1370 4182 Peerlk}

195 4185 316 4239 verbum
339 4185 418 4257 plur.
446 4191 526 4240 num.
554 4187 638 4261 iungi
658 4187 732 4240 solet
749 4187 941 4241 substantivis
960 4187 1091 4241 diversae
1110 4187 1232 4243 indolis
1245 4231 1258 4258 ,
1309 4205 1370 4252 0t1

100 4269 105 4280 “
195 4260 226 4309 t‘n
244 4261 341 4312 meiius
359 4264 494 4330 cognosci,
512 4275 606 4329 neque
625 4263 656 4313 in
674 4261 773 4312 melias
791 4259 909 4328 differre
927 4268 1006 4313 recte
1025 4259 1145 4325 dicitnr,
1164 4267 1201 4312 ut
1230 4269 1280 4322 i„
1305 4281 1370 4340 Pup

192 4335 269 4394 tare,
305 4335 336 4386 in
358 4336 450 4388 maiae
476 4333 584 4393 audiri,
619 4351 734 4404 augere,
767 4335 908 4396 extollere,
941 4335 973 4386 in
991 4333 1104 4388 mollius
1123 4330 1249 4400 reste-n·
1276 4351 1318 4396 et
1345 4345 1370 4416 sl
