<?xml version="1.0" encoding="UTF-8"?>
<!DOCTYPE html PUBLIC "-//W3C//DTD XHTML 1.0 Transitional//EN"
    "http://www.w3.org/TR/xhtml1/DTD/xhtml1-transitional.dtd">
<html xmlns="http://www.w3.org/1999/xhtml" xml:lang="en" lang="en">
 <head>
  <title>
</title>
<meta http-equiv="Content-Type" content="text/html;charset=utf-8" />
  <meta name='ocr-system' content='tesseract 3.04.00' />
  <meta name='ocr-capabilities' content='ocr_page ocr_carea ocr_par ocr_line ocrx_word'/>
</head>
<body>
  <div class='ocr_page' id='page_1' title='image "./ccorneliitaciti27tacigoog/ccorneliitaciti27tacigoog_0300.png"; bbox 0 0 2846 4802; ppageno 0'>
   <div class='ocr_carea' id='block_1_1' title="bbox 398 181 1229 250">
    <p class='ocr_par' dir='ltr' id='par_1_1' title="bbox 398 181 1229 250">
     <span class='ocr_line' id='line_1_1' title="bbox 398 181 1229 250; baseline 0 0"><span class='ocrx_word' id='word_1_1' title='bbox 398 183 541 250; x_wconf 67' lang='lat' dir='ltr'><strong>estut</strong></span> <span class='ocrx_word' id='word_1_2' title='bbox 569 181 694 250; x_wconf 84' lang='lat' dir='ltr'><strong>XXIX.</strong></span> <span class='ocrx_word' id='word_1_3' title='bbox 724 182 831 248; x_wconf 86' lang='lat' dir='ltr'><strong>XXX.</strong></span> <span class='ocrx_word' id='word_1_4' title='bbox 1168 183 1229 250; x_wconf 77' lang='lat' dir='ltr'><strong>ast</strong></span> 
     </span>
    </p>
   </div>
   <div class='ocr_carea' id='block_1_2' title="bbox 21 345 1232 1442">
    <p class='ocr_par' dir='ltr' id='par_1_2' title="bbox 29 345 1228 482">
     <span class='ocr_line' id='line_1_2' title="bbox 29 345 1228 428; baseline -0.003 -22"><span class='ocrx_word' id='word_1_5' title='bbox 29 353 149 428; x_wconf 66' lang='lat' dir='ltr'><strong>insedisse</strong></span> <span class='ocrx_word' id='word_1_6' title='bbox 166 352 256 408; x_wconf 74' lang='grc' dir='ltr'><strong><em>ταῦτα</em></strong></span> <span class='ocrx_word' id='word_1_7' title='bbox 272 357 332 416; x_wconf 67' lang='lat' dir='ltr'><strong>sate</strong></span> <span class='ocrx_word' id='word_1_8' title='bbox 349 351 447 418; x_wconf 64' lang='lat' dir='ltr'><strong>alsinse</strong></span> <span class='ocrx_word' id='word_1_9' title='bbox 463 352 651 426; x_wconf 69' lang='lat' dir='ltr'><strong>apomloboss,</strong></span> <span class='ocrx_word' id='word_1_10' title='bbox 672 347 779 406; x_wconf 76' lang='lat' dir='ltr'><strong>Walcb.</strong></span> <span class='ocrx_word' id='word_1_11' title='bbox 798 355 825 402; x_wconf 86' lang='lat' dir='ltr'><strong>et</strong></span> <span class='ocrx_word' id='word_1_12' title='bbox 845 345 909 402; x_wconf 78' lang='lat' dir='ltr'><strong>edd.</strong></span> <span class='ocrx_word' id='word_1_13' title='bbox 929 355 987 402; x_wconf 86' lang='lat' dir='ltr'><strong>ret.</strong></span> <span class='ocrx_word' id='word_1_14' title='bbox 1007 365 1040 404; x_wconf 84' lang='lat' dir='ltr'><strong>as</strong></span> <span class='ocrx_word' id='word_1_15' title='bbox 1059 346 1122 404; x_wconf 76' lang='lat' dir='ltr'><strong>stt.</strong></span> <span class='ocrx_word' id='word_1_16' title='bbox 1136 347 1228 403; x_wconf 78' lang='lat' dir='ltr'><strong>Rhea.</strong></span> 
     </span>
     <span class='ocr_line' id='line_1_3' title="bbox 29 432 545 482; baseline -0.012 0"><span class='ocrx_word' id='word_1_17' title='bbox 29 432 204 482; x_wconf 76' lang='lat' dir='ltr'><strong>taetros.</strong></span> <span class='ocrx_word' id='word_1_18' title='bbox 226 433 340 478; x_wconf 78' lang='lat' dir='ltr'><strong>uatum</strong></span> <span class='ocrx_word' id='word_1_19' title='bbox 359 442 420 480; x_wconf 84' lang='lat' dir='ltr'><strong>nan</strong></span> <span class='ocrx_word' id='word_1_20' title='bbox 436 440 545 480; x_wconf 84' lang='lat' dir='ltr'><strong>omnes.</strong></span> 
     </span>
    </p>

    <p class='ocr_par' dir='ltr' id='par_1_3' title="bbox 21 492 1232 928">
     <span class='ocr_line' id='line_1_4' title="bbox 78 492 1228 568; baseline -0.006 -15"><span class='ocrx_word' id='word_1_21' title='bbox 78 501 100 553; x_wconf 67' lang='lat' dir='ltr'><strong>i</strong></span> <span class='ocrx_word' id='word_1_22' title='bbox 137 498 276 568; x_wconf 67' lang='lat' dir='ltr'><strong>&amp;lg-ama</strong></span> <span class='ocrx_word' id='word_1_23' title='bbox 301 514 326 554; x_wconf 83' lang='lat' dir='ltr'><strong>o.</strong></span> <span class='ocrx_word' id='word_1_24' title='bbox 345 497 409 550; x_wconf 80' lang='lat' dir='ltr'><strong>vat.</strong></span> <span class='ocrx_word' id='word_1_25' title='bbox 428 500 509 554; x_wconf 72' lang='grc'><strong>3129.</strong></span> <span class='ocrx_word' id='word_1_26' title='bbox 529 515 546 550; x_wconf 83' lang='lat' dir='ltr'><strong>a</strong></span> <span class='ocrx_word' id='word_1_27' title='bbox 564 514 603 550; x_wconf 89' lang='lat' dir='ltr'><strong>m.</strong></span> <span class='ocrx_word' id='word_1_28' title='bbox 631 511 687 556; x_wconf 79' lang='lat' dir='ltr'><strong>sec.</strong></span> <span class='ocrx_word' id='word_1_29' title='bbox 710 497 790 551; x_wconf 75' lang='grc'><strong>4198.</strong></span> <span class='ocrx_word' id='word_1_30' title='bbox 816 493 879 560; x_wconf 73' lang='lat' dir='ltr'><strong>edd.</strong></span> <span class='ocrx_word' id='word_1_31' title='bbox 908 493 971 546; x_wconf 83' lang='lat' dir='ltr'><strong>Pul.</strong></span> <span class='ocrx_word' id='word_1_32' title='bbox 995 500 1056 548; x_wconf 83' lang='lat' dir='ltr'><strong>tros</strong></span> <span class='ocrx_word' id='word_1_33' title='bbox 1080 493 1143 549; x_wconf 79' lang='lat' dir='ltr'><strong>Riv.</strong></span> <span class='ocrx_word' id='word_1_34' title='bbox 1162 492 1228 548; x_wconf 83' lang='lat' dir='ltr'><strong>Ber.</strong></span> 
     </span>
     <span class='ocr_line' id='line_1_5' title="bbox 27 565 1230 641; baseline -0.006 -16"><span class='ocrx_word' id='word_1_35' title='bbox 27 574 83 625; x_wconf 80' lang='lat' dir='ltr'><strong>bnt.</strong></span> <span class='ocrx_word' id='word_1_36' title='bbox 106 569 177 624; x_wconf 74' lang='lat' dir='ltr'><strong>arn</strong></span> <span class='ocrx_word' id='word_1_37' title='bbox 211 578 320 626; x_wconf 83' lang='lat' dir='ltr'><strong>atreo.</strong></span> <span class='ocrx_word' id='word_1_38' title='bbox 349 570 488 641; x_wconf 75' lang='lat' dir='ltr'><strong>Galgacus</strong></span> <span class='ocrx_word' id='word_1_39' title='bbox 511 585 537 622; x_wconf 88' lang='lat' dir='ltr'><strong>c.</strong></span> <span class='ocrx_word' id='word_1_40' title='bbox 562 569 624 622; x_wconf 79' lang='lat' dir='ltr'><strong>vat</strong></span> <span class='ocrx_word' id='word_1_41' title='bbox 650 570 730 626; x_wconf 74' lang='grc'><strong>3129.</strong></span> <span class='ocrx_word' id='word_1_42' title='bbox 756 587 773 622; x_wconf 82' lang='lat' dir='ltr'><strong>a</strong></span> <span class='ocrx_word' id='word_1_43' title='bbox 792 585 829 623; x_wconf 83' lang='lat' dir='ltr'><strong>m.</strong></span> <span class='ocrx_word' id='word_1_44' title='bbox 849 584 895 638; x_wconf 85' lang='lat' dir='ltr'><strong>pr.</strong></span> <span class='ocrx_word' id='word_1_45' title='bbox 925 565 1230 622; x_wconf 66' lang='lat' dir='ltr'><strong>santuanensi</strong></span> 
     </span>
     <span class='ocr_line' id='line_1_6' title="bbox 26 638 1230 712; baseline -0.003 -16"><span class='ocrx_word' id='word_1_46' title='bbox 26 650 139 696; x_wconf 74' lang='lat' dir='ltr'><strong>utente</strong></span> <span class='ocrx_word' id='word_1_47' title='bbox 158 643 243 698; x_wconf 76' lang='lat' dir='ltr'><strong>uros</strong></span> <span class='ocrx_word' id='word_1_48' title='bbox 283 645 387 696; x_wconf 81' lang='lat' dir='ltr'><strong>Galauc</strong></span> <span class='ocrx_word' id='word_1_49' title='bbox 404 642 481 712; x_wconf 79' lang='lat' dir='ltr'><strong>apud</strong></span> <span class='ocrx_word' id='word_1_50' title='bbox 501 641 649 696; x_wconf 81' lang='lat' dir='ltr'><strong>Liennauo</strong></span> <span class='ocrx_word' id='word_1_51' title='bbox 667 640 698 694; x_wconf 91' lang='lat' dir='ltr'><strong>in</strong></span> <span class='ocrx_word' id='word_1_52' title='bbox 716 639 847 695; x_wconf 78' lang='lat' dir='ltr'><strong>fabuloso</strong></span> <span class='ocrx_word' id='word_1_53' title='bbox 866 638 1006 692; x_wconf 78' lang='lat' dir='ltr'><strong>&#39;l&#39;riadusn</strong></span> <span class='ocrx_word' id='word_1_54' title='bbox 1036 639 1113 694; x_wconf 88' lang='lat' dir='ltr'><strong>libro</strong></span> <span class='ocrx_word' id='word_1_55' title='bbox 1136 647 1165 692; x_wconf 90' lang='lat' dir='ltr'><strong>et</strong></span> <span class='ocrx_word' id='word_1_56' title='bbox 1184 639 1230 692; x_wconf 84' lang='lat' dir='ltr'><strong>in·</strong></span> 
     </span>
     <span class='ocr_line' id='line_1_7' title="bbox 25 711 1232 784; baseline 0 -19"><span class='ocrx_word' id='word_1_57' title='bbox 25 727 56 768; x_wconf 84' lang='lat' dir='ltr'><strong>nr</strong></span> <span class='ocrx_word' id='word_1_58' title='bbox 69 723 121 767; x_wconf 82' lang='lat' dir='ltr'><strong>tres</strong></span> <span class='ocrx_word' id='word_1_59' title='bbox 137 715 306 770; x_wconf 71' lang='lat' dir='ltr'><strong>Britanniae</strong></span> <span class='ocrx_word' id='word_1_60' title='bbox 324 713 426 770; x_wconf 86' lang='lat' dir='ltr'><strong>heroes</strong></span> <span class='ocrx_word' id='word_1_61' title='bbox 445 713 626 784; x_wconf 61' lang='lat' dir='ltr'><strong>appellatum</strong></span> <span class='ocrx_word' id='word_1_62' title='bbox 648 713 795 776; x_wconf 63' lang='lat' dir='ltr'><strong>Canidia,</strong></span> <span class='ocrx_word' id='word_1_63' title='bbox 829 713 961 766; x_wconf 79' lang='lat' dir='ltr'>Fortasse</span> <span class='ocrx_word' id='word_1_64' title='bbox 979 711 1066 764; x_wconf 88' lang='lat' dir='ltr'><strong>scrib.</strong></span> <span class='ocrx_word' id='word_1_65' title='bbox 1082 713 1232 782; x_wconf 67' lang='lat' dir='ltr'><strong>Galgwun</strong></span> 
     </span>
     <span class='ocr_line' id='line_1_8' title="bbox 25 784 1232 857; baseline 0 -17"><span class='ocrx_word' id='word_1_66' title='bbox 25 788 93 857; x_wconf 77' lang='lat' dir='ltr'><strong>qualis</strong></span> <span class='ocrx_word' id='word_1_67' title='bbox 110 787 141 840; x_wconf 89' lang='lat' dir='ltr'><strong>in</strong></span> <span class='ocrx_word' id='word_1_68' title='bbox 160 787 275 842; x_wconf 75' lang='lat' dir='ltr'><strong>Ossisni</strong></span> <span class='ocrx_word' id='word_1_69' title='bbox 294 787 470 848; x_wconf 69' lang='lat' dir='ltr'><strong>carminibus</strong></span> <span class='ocrx_word' id='word_1_70' title='bbox 488 785 633 850; x_wconf 79' lang='lat' dir='ltr'><strong>occurrit3</strong></span> <span class='ocrx_word' id='word_1_71' title='bbox 658 785 735 838; x_wconf 79' lang='lat' dir='ltr'><strong>Becls.</strong></span> <span class='ocrx_word' id='word_1_72' title='bbox 761 813 798 826; x_wconf 91' lang='lat'><strong>-·</strong></span> <span class='ocrx_word' id='word_1_73' title='bbox 824 787 857 838; x_wconf 82' lang='lat' dir='ltr'><strong>in</strong></span> <span class='ocrx_word' id='word_1_74' title='bbox 883 784 959 838; x_wconf 83' lang='lat' dir='ltr'><strong>bunc</strong></span> <span class='ocrx_word' id='word_1_75' title='bbox 983 785 1096 838; x_wconf 81' lang='lat' dir='ltr'><strong>madunt</strong></span> <span class='ocrx_word' id='word_1_76' title='bbox 1123 785 1232 840; x_wconf 81' lang='lat' dir='ltr'><strong>Iocutus</strong></span> 
     </span>
     <span class='ocr_line' id='line_1_9' title="bbox 21 856 1230 928; baseline -0.002 -16"><span class='ocrx_word' id='word_1_77' title='bbox 21 862 105 928; x_wconf 71' lang='lat' dir='ltr'><strong>setar:</strong></span> <span class='ocrx_word' id='word_1_78' title='bbox 123 858 180 913; x_wconf 79' lang='lat' dir='ltr'><strong>bae</strong></span> <span class='ocrx_word' id='word_1_79' title='bbox 201 859 347 927; x_wconf 80' lang='lat' dir='ltr'><strong>orations,</strong></span> <span class='ocrx_word' id='word_1_80' title='bbox 375 860 501 925; x_wconf 81' lang='lat' dir='ltr'><strong>moriar,</strong></span> <span class='ocrx_word' id='word_1_81' title='bbox 526 859 552 912; x_wconf 86' lang='lat' dir='ltr'><strong>si</strong></span> <span class='ocrx_word' id='word_1_82' title='bbox 581 858 653 927; x_wconf 84' lang='lat' dir='ltr'><strong>quid</strong></span> <span class='ocrx_word' id='word_1_83' title='bbox 670 875 736 914; x_wconf 84' lang='lat' dir='ltr'><strong>meo</strong></span> <span class='ocrx_word' id='word_1_84' title='bbox 755 875 841 912; x_wconf 89' lang='lat' dir='ltr'><strong>sensu</strong></span> <span class='ocrx_word' id='word_1_85' title='bbox 859 857 1053 928; x_wconf 85' lang='lat' dir='ltr'><strong>prudentius,</strong></span> <span class='ocrx_word' id='word_1_86' title='bbox 1084 856 1230 921; x_wconf 78' lang='lat' dir='ltr'><strong>disertim,</strong></span> 
     </span>
    </p>

    <p class='ocr_par' dir='ltr' id='par_1_4' title="bbox 24 929 1232 1442">
     <span class='ocr_line' id='line_1_10' title="bbox 75 929 1231 1006; baseline 0 -24"><span class='ocrx_word' id='word_1_87' title='bbox 75 933 127 985; x_wconf 88' lang='lat' dir='ltr'><strong>tius</strong></span> <span class='ocrx_word' id='word_1_88' title='bbox 146 940 191 986; x_wconf 87' lang='lat' dir='ltr'><strong>ast</strong></span> <span class='ocrx_word' id='word_1_89' title='bbox 212 933 244 986; x_wconf 92' lang='lat' dir='ltr'><strong>in</strong></span> <span class='ocrx_word' id='word_1_90' title='bbox 263 935 344 988; x_wconf 88' lang='lat' dir='ltr'><strong>omni</strong></span> <span class='ocrx_word' id='word_1_91' title='bbox 362 932 489 986; x_wconf 83' lang='lat' dir='ltr'><strong>Romana</strong></span> <span class='ocrx_word' id='word_1_92' title='bbox 507 931 622 1006; x_wconf 68' lang='lat' dir='ltr'><strong>lingua,</strong></span> <span class='ocrx_word' id='word_1_93' title='bbox 641 929 720 999; x_wconf 77' lang='lat' dir='ltr'><strong>Lips.</strong></span> <span class='ocrx_word' id='word_1_94' title='bbox 755 929 865 997; x_wconf 85' lang='lat' dir='ltr'><strong>„Nihil</strong></span> <span class='ocrx_word' id='word_1_95' title='bbox 892 945 1009 1000; x_wconf 81' lang='lat' dir='ltr'><strong>quoque</strong></span> <span class='ocrx_word' id='word_1_96' title='bbox 1035 929 1231 998; x_wconf 72' lang='lat' dir='ltr'><strong>praestantius</strong></span> 
     </span>
     <span class='ocr_line' id='line_1_11' title="bbox 25 1001 1231 1074; baseline 0 -18"><span class='ocrx_word' id='word_1_97' title='bbox 25 1005 47 1056; x_wconf 84' lang='lat' dir='ltr'><strong>lu</strong></span> <span class='ocrx_word' id='word_1_98' title='bbox 75 1005 219 1058; x_wconf 82' lang='lat' dir='ltr'><strong>tGraeca</strong></span> <span class='ocrx_word' id='word_1_99' title='bbox 238 1005 403 1074; x_wconf 79' lang='lat' dir='ltr'><strong>antiquitas.</strong></span> <span class='ocrx_word' id='word_1_100' title='bbox 446 1005 550 1058; x_wconf 86' lang='lat' dir='ltr'><strong>Omnes</strong></span> <span class='ocrx_word' id='word_1_101' title='bbox 574 1003 779 1056; x_wconf 83' lang='lat' dir='ltr'><strong>dominationis</strong></span> <span class='ocrx_word' id='word_1_102' title='bbox 806 1001 888 1055; x_wconf 90' lang='lat' dir='ltr'><strong>Rom.</strong></span> <span class='ocrx_word' id='word_1_103' title='bbox 915 1009 1008 1068; x_wconf 69' lang='lat' dir='ltr'><strong>amsa,</strong></span> <span class='ocrx_word' id='word_1_104' title='bbox 1036 1001 1108 1054; x_wconf 87' lang='lat' dir='ltr'><strong>vitia</strong></span> <span class='ocrx_word' id='word_1_105' title='bbox 1133 1002 1231 1057; x_wconf 82' lang='lat' dir='ltr'><strong>omnia</strong></span> 
     </span>
     <span class='ocr_line' id='line_1_12' title="bbox 25 1073 1231 1146; baseline 0 -18"><span class='ocrx_word' id='word_1_106' title='bbox 25 1079 76 1128; x_wconf 79' lang='lat' dir='ltr'><strong>nin</strong></span> <span class='ocrx_word' id='word_1_107' title='bbox 102 1087 166 1130; x_wconf 83' lang='lat' dir='ltr'><strong>arte</strong></span> <span class='ocrx_word' id='word_1_108' title='bbox 195 1095 232 1130; x_wconf 83' lang='lat' dir='ltr'><strong>ac</strong></span> <span class='ocrx_word' id='word_1_109' title='bbox 259 1077 399 1132; x_wconf 83' lang='lat' dir='ltr'><strong>brevitate</strong></span> <span class='ocrx_word' id='word_1_110' title='bbox 428 1077 557 1146; x_wconf 81' lang='lat' dir='ltr'><strong>explicat</strong></span> <span class='ocrx_word' id='word_1_111' title='bbox 580 1075 727 1130; x_wconf 82' lang='lat' dir='ltr'><strong>Tacitus.&#39;’</strong></span> <span class='ocrx_word' id='word_1_112' title='bbox 750 1076 829 1126; x_wconf 81' lang='lat' dir='ltr'><strong>Brut.</strong></span> <span class='ocrx_word' id='word_1_113' title='bbox 871 1073 1136 1144; x_wconf 82' lang='lat' dir='ltr'><strong>Antinapoleouina</strong></span> <span class='ocrx_word' id='word_1_114' title='bbox 1161 1092 1231 1130; x_wconf 85' lang='lat' dir='ltr'><strong>vere</strong></span> 
     </span>
     <span class='ocr_line' id='line_1_13' title="bbox 25 1145 1231 1220; baseline -0.001 -19"><span class='ocrx_word' id='word_1_115' title='bbox 25 1149 65 1201; x_wconf 79' lang='lat' dir='ltr'><strong>tici</strong></span> <span class='ocrx_word' id='word_1_116' title='bbox 78 1149 182 1219; x_wconf 71' lang='lat' dir='ltr'><strong>possis,</strong></span> <span class='ocrx_word' id='word_1_117' title='bbox 203 1151 297 1204; x_wconf 79' lang='lat' dir='ltr'><strong>Klein.</strong></span> <span class='ocrx_word' id='word_1_118' title='bbox 335 1149 439 1204; x_wconf 85' lang='lat' dir='ltr'><strong>Aliena</strong></span> <span class='ocrx_word' id='word_1_119' title='bbox 457 1149 576 1218; x_wconf 87' lang='lat' dir='ltr'><strong>quidem</strong></span> <span class='ocrx_word' id='word_1_120' title='bbox 595 1155 638 1202; x_wconf 89' lang='lat' dir='ltr'><strong>est</strong></span> <span class='ocrx_word' id='word_1_121' title='bbox 656 1166 673 1201; x_wconf 82' lang='lat' dir='ltr'><strong>a</strong></span> <span class='ocrx_word' id='word_1_122' title='bbox 690 1145 775 1201; x_wconf 80' lang='lat' dir='ltr'><strong>modo</strong></span> <span class='ocrx_word' id='word_1_123' title='bbox 795 1145 936 1216; x_wconf 81' lang='lat' dir='ltr'><strong>loquendi</strong></span> <span class='ocrx_word' id='word_1_124' title='bbox 957 1155 985 1200; x_wconf 86' lang='lat' dir='ltr'><strong>et</strong></span> <span class='ocrx_word' id='word_1_125' title='bbox 1004 1147 1126 1220; x_wconf 73' lang='lat' dir='ltr'><strong>ingenio</strong></span> <span class='ocrx_word' id='word_1_126' title='bbox 1146 1147 1231 1200; x_wconf 86' lang='lat' dir='ltr'><strong>ducis</strong></span> 
     </span>
     <span class='ocr_line' id='line_1_14' title="bbox 25 1219 1232 1296; baseline -0.002 -22"><span class='ocrx_word' id='word_1_127' title='bbox 25 1223 186 1290; x_wconf 74' lang='lat' dir='ltr'><strong>militumque</strong></span> <span class='ocrx_word' id='word_1_128' title='bbox 208 1223 404 1288; x_wconf 84' lang='lat' dir='ltr'><strong>barbarorum,</strong></span> <span class='ocrx_word' id='word_1_129' title='bbox 424 1221 475 1276; x_wconf 78' lang='lat' dir='ltr'><strong>sed</strong></span> <span class='ocrx_word' id='word_1_130' title='bbox 493 1237 622 1296; x_wconf 78' lang='lat' dir='ltr'><strong>congrua</strong></span> <span class='ocrx_word' id='word_1_131' title='bbox 637 1235 738 1274; x_wconf 70' lang='lat' dir='ltr'><strong>eos-sun</strong></span> <span class='ocrx_word' id='word_1_132' title='bbox 756 1219 884 1278; x_wconf 82' lang='lat' dir='ltr'><strong>sensibus</strong></span> <span class='ocrx_word' id='word_1_133' title='bbox 902 1237 997 1289; x_wconf 85' lang='lat' dir='ltr'><strong>noque</strong></span> <span class='ocrx_word' id='word_1_134' title='bbox 1016 1219 1162 1276; x_wconf 81' lang='lat' dir='ltr'><strong>dissimilis</strong></span> <span class='ocrx_word' id='word_1_135' title='bbox 1181 1219 1232 1272; x_wconf 76' lang='lat' dir='ltr'><strong>tn·</strong></span> 
     </span>
     <span class='ocr_line' id='line_1_15' title="bbox 26 1291 1232 1368; baseline 0.003 -26"><span class='ocrx_word' id='word_1_136' title='bbox 26 1296 91 1346; x_wconf 72' lang='lat' dir='ltr'><strong>sinis</strong></span> <span class='ocrx_word' id='word_1_137' title='bbox 108 1310 169 1348; x_wconf 85' lang='lat' dir='ltr'><strong>non</strong></span> <span class='ocrx_word' id='word_1_138' title='bbox 190 1295 311 1365; x_wconf 60' lang='lat' dir='ltr'><strong>pacis,</strong></span> <span class='ocrx_word' id='word_1_139' title='bbox 336 1295 459 1364; x_wconf 80' lang='lat' dir='ltr'><strong>quibus,</strong></span> <span class='ocrx_word' id='word_1_140' title='bbox 487 1310 560 1364; x_wconf 83' lang='lat' dir='ltr'><strong>quae</strong></span> <span class='ocrx_word' id='word_1_141' title='bbox 586 1292 720 1348; x_wconf 85' lang='lat' dir='ltr'><strong>homines</strong></span> <span class='ocrx_word' id='word_1_142' title='bbox 739 1291 850 1346; x_wconf 81' lang='lat' dir='ltr'><strong>inculti</strong></span> <span class='ocrx_word' id='word_1_143' title='bbox 874 1300 904 1346; x_wconf 90' lang='lat' dir='ltr'><strong>et</strong></span> <span class='ocrx_word' id='word_1_144' title='bbox 921 1291 1007 1349; x_wconf 81' lang='lat' dir='ltr'><strong>rudos</strong></span> <span class='ocrx_word' id='word_1_145' title='bbox 1027 1293 1168 1368; x_wconf 79' lang='lat' dir='ltr'><strong>cogitasse</strong></span> <span class='ocrx_word' id='word_1_146' title='bbox 1187 1292 1232 1346; x_wconf 82' lang='lat' dir='ltr'><strong>vi·</strong></span> 
     </span>
     <span class='ocr_line' id='line_1_16' title="bbox 24 1364 847 1442; baseline -0.001 -22"><span class='ocrx_word' id='word_1_147' title='bbox 24 1367 67 1420; x_wconf 76' lang='lat' dir='ltr'><strong>lsn&#39;</strong></span> <span class='ocrx_word' id='word_1_148' title='bbox 81 1375 224 1436; x_wconf 84' lang='lat' dir='ltr'><strong>possunt,</strong></span> <span class='ocrx_word' id='word_1_149' title='bbox 243 1367 356 1442; x_wconf 78' lang='lat' dir='ltr'><strong>insigni</strong></span> <span class='ocrx_word' id='word_1_150' title='bbox 373 1375 436 1422; x_wconf 84' lang='lat' dir='ltr'><strong>arte</strong></span> <span class='ocrx_word' id='word_1_151' title='bbox 455 1374 484 1421; x_wconf 86' lang='lat' dir='ltr'><strong>et</strong></span> <span class='ocrx_word' id='word_1_152' title='bbox 503 1374 608 1420; x_wconf 84' lang='lat' dir='ltr'><strong>ornatu</strong></span> <span class='ocrx_word' id='word_1_153' title='bbox 626 1364 847 1420; x_wconf 77' lang='lat' dir='ltr'><strong>adumbrantur.</strong></span> 
     </span>
    </p>
   </div>
   <div class='ocr_carea' id='block_1_3' title="bbox 459 1489 774 1548">
    <p class='ocr_par' dir='ltr' id='par_1_5' title="bbox 459 1489 774 1548">
     <span class='ocr_line' id='line_1_17' title="bbox 459 1489 774 1548; baseline -0.01 0"><span class='ocrx_word' id='word_1_154' title='bbox 459 1491 654 1548; x_wconf 78' lang='lat' dir='ltr'><strong>CAPUT</strong></span> <span class='ocrx_word' id='word_1_155' title='bbox 690 1489 774 1545; x_wconf 89' lang='lat' dir='ltr'><strong>XXX.</strong></span> 
     </span>
    </p>
   </div>
   <div class='ocr_carea' id='block_1_4' title="bbox 23 1603 1289 3190">
    <p class='ocr_par' dir='ltr' id='par_1_6' title="bbox 23 1603 1289 3190">
     <span class='ocr_line' id='line_1_18' title="bbox 82 1603 1232 1685; baseline -0.001 -19"><span class='ocrx_word' id='word_1_156' title='bbox 82 1605 243 1683; x_wconf 73' lang='lat' dir='ltr'><strong>Quotiens</strong></span> <span class='ocrx_word' id='word_1_157' title='bbox 271 1625 386 1668; x_wconf 89' lang='lat' dir='ltr'><strong>causas</strong></span> <span class='ocrx_word' id='word_1_158' title='bbox 413 1606 490 1666; x_wconf 88' lang='lat' dir='ltr'><strong>belli</strong></span> <span class='ocrx_word' id='word_1_159' title='bbox 522 1617 554 1665; x_wconf 85' lang='lat' dir='ltr'><strong>et</strong></span> <span class='ocrx_word' id='word_1_160' title='bbox 581 1605 805 1668; x_wconf 86' lang='lat' dir='ltr'><strong>necessitatem</strong></span> <span class='ocrx_word' id='word_1_161' title='bbox 827 1614 973 1664; x_wconf 86' lang='lat' dir='ltr'><strong>nostram</strong></span> <span class='ocrx_word' id='word_1_162' title='bbox 996 1603 1140 1685; x_wconf 86' lang='lat' dir='ltr'><strong>intueor,</strong></span> <span class='ocrx_word' id='word_1_163' title='bbox 1163 1623 1232 1666; x_wconf 91' lang='lat' dir='ltr'><strong>ma-</strong></span> 
     </span>
     <span class='ocr_line' id='line_1_19' title="bbox 23 1689 1232 1770; baseline -0.001 -22"><span class='ocrx_word' id='word_1_164' title='bbox 23 1709 84 1768; x_wconf 75' lang='lat' dir='ltr'><strong>gnus</strong></span> <span class='ocrx_word' id='word_1_165' title='bbox 104 1691 188 1750; x_wconf 83' lang='lat' dir='ltr'><strong>milti</strong></span> <span class='ocrx_word' id='word_1_166' title='bbox 211 1692 342 1750; x_wconf 90' lang='lat' dir='ltr'><strong>animus</strong></span> <span class='ocrx_word' id='word_1_167' title='bbox 369 1702 432 1770; x_wconf 89' lang='lat' dir='ltr'><strong>est,</strong></span> <span class='ocrx_word' id='word_1_168' title='bbox 462 1689 657 1749; x_wconf 79' lang='lat' dir='ltr'><strong>hodiernum</strong></span> <span class='ocrx_word' id='word_1_169' title='bbox 687 1689 773 1748; x_wconf 88' lang='lat' dir='ltr'><strong>diem</strong></span> <span class='ocrx_word' id='word_1_170' title='bbox 801 1705 1054 1766; x_wconf 80' lang='lat' dir='ltr'><strong>consensumque</strong></span> <span class='ocrx_word' id='word_1_171' title='bbox 1086 1701 1232 1750; x_wconf 86' lang='lat' dir='ltr'><strong>vestrum</strong></span> 
     </span>
     <span class='ocr_line' id='line_1_20' title="bbox 24 1769 1232 1856; baseline 0 -24"><span class='ocrx_word' id='word_1_172' title='bbox 24 1775 128 1833; x_wconf 75' lang='lat' dir='ltr'><strong>isitium</strong></span> <span class='ocrx_word' id='word_1_173' title='bbox 150 1775 318 1835; x_wconf 81' lang='lat' dir='ltr'><strong>libertatis</strong></span> <span class='ocrx_word' id='word_1_174' title='bbox 339 1775 439 1834; x_wconf 86' lang='lat' dir='ltr'><strong>totius</strong></span> <span class='ocrx_word' id='word_1_175' title='bbox 461 1773 654 1833; x_wconf 83' lang='lat' dir='ltr'><strong>Britanniae</strong></span> <span class='ocrx_word' id='word_1_176' title='bbox 664 1771 757 1856; x_wconf 82' lang='lat' dir='ltr'><strong>sore.</strong></span> <span class='ocrx_word' id='word_1_177' title='bbox 800 1769 890 1830; x_wconf 89' lang='lat' dir='ltr'><strong>Nam</strong></span> <span class='ocrx_word' id='word_1_178' title='bbox 911 1781 943 1830; x_wconf 85' lang='lat' dir='ltr'><strong>et</strong></span> <span class='ocrx_word' id='word_1_179' title='bbox 963 1772 1108 1832; x_wconf 85' lang='lat' dir='ltr'><strong>uniuersi</strong></span> <span class='ocrx_word' id='word_1_180' title='bbox 1129 1773 1232 1834; x_wconf 87' lang='lat' dir='ltr'><strong>serui-</strong></span> 
     </span>
     <span class='ocr_line' id='line_1_21' title="bbox 25 1855 1231 1938; baseline 0.002 -24"><span class='ocrx_word' id='word_1_181' title='bbox 25 1859 83 1916; x_wconf 84' lang='lat' dir='ltr'><strong>ntis</strong></span> <span class='ocrx_word' id='word_1_182' title='bbox 102 1870 276 1938; x_wconf 81' lang='lat' dir='ltr'><strong>expertes,</strong></span> <span class='ocrx_word' id='word_1_183' title='bbox 299 1869 331 1916; x_wconf 88' lang='lat' dir='ltr'><strong>et</strong></span> <span class='ocrx_word' id='word_1_184' title='bbox 352 1857 466 1918; x_wconf 90' lang='lat' dir='ltr'><strong>nullae</strong></span> <span class='ocrx_word' id='word_1_185' title='bbox 488 1857 580 1918; x_wconf 85' lang='lat' dir='ltr'><strong>ultra</strong></span> <span class='ocrx_word' id='word_1_186' title='bbox 602 1869 733 1936; x_wconf 86' lang='lat' dir='ltr'><strong>terrae,</strong></span> <span class='ocrx_word' id='word_1_187' title='bbox 755 1873 794 1930; x_wconf 79' lang='lat' dir='ltr'><strong>aa</strong></span> <span class='ocrx_word' id='word_1_188' title='bbox 815 1873 857 1914; x_wconf 89' lang='lat' dir='ltr'><strong>ne</strong></span> <span class='ocrx_word' id='word_1_189' title='bbox 879 1874 970 1916; x_wconf 87' lang='lat' dir='ltr'><strong>mare</strong></span> <span class='ocrx_word' id='word_1_190' title='bbox 991 1855 1122 1932; x_wconf 88' lang='lat' dir='ltr'><strong>quidem</strong></span> <span class='ocrx_word' id='word_1_191' title='bbox 1142 1875 1231 1919; x_wconf 87' lang='lat' dir='ltr'><strong>secu·</strong></span> 
     </span>
     <span class='ocr_line' id='line_1_22' title="bbox 24 1938 1233 2018; baseline 0.001 -20"><span class='ocrx_word' id='word_1_192' title='bbox 24 1961 93 2018; x_wconf 85' lang='lat' dir='ltr'><strong>nm,</strong></span> <span class='ocrx_word' id='word_1_193' title='bbox 122 1942 320 2006; x_wconf 70' lang='lat' dir='ltr'><strong>imminente</strong></span> <span class='ocrx_word' id='word_1_194' title='bbox 347 1941 440 2002; x_wconf 89' lang='lat' dir='ltr'><strong>nobis</strong></span> <span class='ocrx_word' id='word_1_195' title='bbox 469 1941 570 2002; x_wconf 84' lang='lat' dir='ltr'><strong>classe</strong></span> <span class='ocrx_word' id='word_1_196' title='bbox 596 1940 757 2002; x_wconf 83' lang='lat' dir='ltr'><strong>Romana.</strong></span> <span class='ocrx_word' id='word_1_197' title='bbox 798 1938 855 2000; x_wconf 89' lang='lat' dir='ltr'><strong>Ita</strong></span> <span class='ocrx_word' id='word_1_198' title='bbox 874 1939 1038 2016; x_wconf 84' lang='lat' dir='ltr'><strong>proelium</strong></span> <span class='ocrx_word' id='word_1_199' title='bbox 1058 1952 1157 2018; x_wconf 84' lang='lat' dir='ltr'><strong>atque</strong></span> <span class='ocrx_word' id='word_1_200' title='bbox 1177 1959 1233 2000; x_wconf 87' lang='lat' dir='ltr'><strong>ar·</strong></span> 
     </span>
     <span class='ocr_line' id='line_1_23' title="bbox 24 2023 1231 2108; baseline 0.003 -26"><span class='ocrx_word' id='word_1_201' title='bbox 24 2044 74 2093; x_wconf 87' lang='lat' dir='ltr'><strong>na,</strong></span> <span class='ocrx_word' id='word_1_202' title='bbox 93 2045 179 2100; x_wconf 83' lang='lat' dir='ltr'><strong>qnae</strong></span> <span class='ocrx_word' id='word_1_203' title='bbox 188 2025 346 2108; x_wconf 84' lang='lat' dir='ltr'><strong>fortibus</strong></span> <span class='ocrx_word' id='word_1_204' title='bbox 367 2025 518 2103; x_wconf 79' lang='lat' dir='ltr'><strong>honesta,</strong></span> <span class='ocrx_word' id='word_1_205' title='bbox 550 2025 662 2083; x_wconf 85' lang='lat' dir='ltr'><strong>eadem</strong></span> <span class='ocrx_word' id='word_1_206' title='bbox 683 2024 783 2084; x_wconf 86' lang='lat' dir='ltr'><strong>etiam</strong></span> <span class='ocrx_word' id='word_1_207' title='bbox 805 2023 934 2102; x_wconf 83' lang='lat' dir='ltr'><strong>ignavis</strong></span> <span class='ocrx_word' id='word_1_208' title='bbox 956 2023 1122 2083; x_wconf 85' lang='lat' dir='ltr'><strong>tutissima</strong></span> <span class='ocrx_word' id='word_1_209' title='bbox 1142 2035 1231 2086; x_wconf 85' lang='lat' dir='ltr'><strong>sunt.</strong></span> 
     </span>
     <span class='ocr_line' id='line_1_24' title="bbox 24 2104 1232 2190; baseline 0.002 -26"><span class='ocrx_word' id='word_1_210' title='bbox 24 2105 127 2168; x_wconf 79' lang='lat' dir='ltr'><strong>Priores</strong></span> <span class='ocrx_word' id='word_1_211' title='bbox 156 2127 315 2188; x_wconf 79' lang='lat' dir='ltr'><strong>pugnae,</strong></span> <span class='ocrx_word' id='word_1_212' title='bbox 343 2107 461 2186; x_wconf 88' lang='lat' dir='ltr'><strong>quibus</strong></span> <span class='ocrx_word' id='word_1_213' title='bbox 488 2107 645 2168; x_wconf 85' lang='lat' dir='ltr'><strong>adversus</strong></span> <span class='ocrx_word' id='word_1_214' title='bbox 665 2107 828 2167; x_wconf 87' lang='lat' dir='ltr'><strong>Romanos</strong></span> <span class='ocrx_word' id='word_1_215' title='bbox 848 2107 945 2166; x_wconf 87' lang='lat' dir='ltr'><strong>uaria</strong></span> <span class='ocrx_word' id='word_1_216' title='bbox 954 2104 1104 2190; x_wconf 79' lang='lat' dir='ltr'><strong>fortuna</strong></span> <span class='ocrx_word' id='word_1_217' title='bbox 1125 2119 1232 2166; x_wconf 88' lang='lat' dir='ltr'><strong>certa-</strong></span> 
     </span>
     <span class='ocr_line' id='line_1_25' title="bbox 25 2189 1268 2270; baseline 0.006 -24"><span class='ocrx_word' id='word_1_218' title='bbox 25 2203 74 2248; x_wconf 85' lang='lat' dir='ltr'><strong>nn</strong></span> <span class='ocrx_word' id='word_1_219' title='bbox 92 2204 159 2270; x_wconf 84' lang='lat' dir='ltr'><strong>est,</strong></span> <span class='ocrx_word' id='word_1_220' title='bbox 191 2211 283 2270; x_wconf 88' lang='lat' dir='ltr'><strong>spem</strong></span> <span class='ocrx_word' id='word_1_221' title='bbox 311 2210 350 2252; x_wconf 90' lang='lat' dir='ltr'><strong>ac</strong></span> <span class='ocrx_word' id='word_1_222' title='bbox 376 2191 558 2251; x_wconf 84' lang='lat' dir='ltr'><strong>subsidium</strong></span> <span class='ocrx_word' id='word_1_223' title='bbox 580 2192 615 2250; x_wconf 90' lang='lat' dir='ltr'><strong>in</strong></span> <span class='ocrx_word' id='word_1_224' title='bbox 637 2191 757 2252; x_wconf 85' lang='lat' dir='ltr'><strong>nostris</strong></span> <span class='ocrx_word' id='word_1_225' title='bbox 778 2189 929 2250; x_wconf 89' lang='lat' dir='ltr'><strong>manibus</strong></span> <span class='ocrx_word' id='word_1_226' title='bbox 950 2189 1130 2269; x_wconf 83' lang='lat' dir='ltr'><strong>habebant,</strong></span> <span class='ocrx_word' id='word_1_227' title='bbox 1153 2189 1232 2268; x_wconf 87' lang='lat' dir='ltr'><strong>quia</strong></span> <span class='ocrx_word' id='word_1_228' title='bbox 1263 2241 1268 2253; x_wconf 90' lang='lat'><strong>.</strong></span> 
     </span>
     <span class='ocr_line' id='line_1_26' title="bbox 25 2270 1229 2354; baseline 0.001 -23"><span class='ocrx_word' id='word_1_229' title='bbox 25 2274 193 2335; x_wconf 83' lang='lat' dir='ltr'><strong>nobilissimi</strong></span> <span class='ocrx_word' id='word_1_230' title='bbox 230 2275 330 2336; x_wconf 81' lang='lat' dir='ltr'><strong>totius</strong></span> <span class='ocrx_word' id='word_1_231' title='bbox 358 2273 553 2334; x_wconf 82' lang='lat' dir='ltr'><strong>Britanniae</strong></span> <span class='ocrx_word' id='word_1_232' title='bbox 591 2293 691 2354; x_wconf 89' lang='lat' dir='ltr'><strong>eoque</strong></span> <span class='ocrx_word' id='word_1_233' title='bbox 729 2273 765 2334; x_wconf 89' lang='lat' dir='ltr'><strong>in</strong></span> <span class='ocrx_word' id='word_1_234' title='bbox 797 2273 875 2349; x_wconf 88' lang='lat' dir='ltr'><strong>ipsis</strong></span> <span class='ocrx_word' id='word_1_235' title='bbox 907 2270 1133 2352; x_wconf 82' lang='lat' dir='ltr'><strong>penetralibus</strong></span> <span class='ocrx_word' id='word_1_236' title='bbox 1160 2273 1229 2352; x_wconf 87' lang='lat' dir='ltr'><strong>siti,</strong></span> 
     </span>
     <span class='ocr_line' id='line_1_27' title="bbox 26 2357 1232 2438; baseline 0.003 -24"><span class='ocrx_word' id='word_1_237' title='bbox 26 2375 65 2416; x_wconf 85' lang='lat' dir='ltr'><strong>nes</strong></span> <span class='ocrx_word' id='word_1_238' title='bbox 80 2359 295 2418; x_wconf 83' lang='lat' dir='ltr'><strong>servientium</strong></span> <span class='ocrx_word' id='word_1_239' title='bbox 315 2357 415 2418; x_wconf 85' lang='lat' dir='ltr'><strong>litora</strong></span> <span class='ocrx_word' id='word_1_240' title='bbox 436 2357 647 2438; x_wconf 80' lang='lat' dir='ltr'><strong>aspicientes,</strong></span> <span class='ocrx_word' id='word_1_241' title='bbox 678 2359 784 2420; x_wconf 90' lang='lat' dir='ltr'><strong>oculos</strong></span> <span class='ocrx_word' id='word_1_242' title='bbox 813 2377 939 2437; x_wconf 86' lang='lat' dir='ltr'><strong>quoque</strong></span> <span class='ocrx_word' id='word_1_243' title='bbox 960 2377 981 2418; x_wconf 91' lang='lat' dir='ltr'><strong>a</strong></span> <span class='ocrx_word' id='word_1_244' title='bbox 1002 2369 1154 2438; x_wconf 85' lang='lat' dir='ltr'><strong>contactu</strong></span> <span class='ocrx_word' id='word_1_245' title='bbox 1175 2357 1232 2418; x_wconf 88' lang='lat' dir='ltr'><strong>do-</strong></span> 
     </span>
     <span class='ocr_line' id='line_1_28' title="bbox 27 2439 1231 2521; baseline 0.004 -25"><span class='ocrx_word' id='word_1_246' title='bbox 27 2442 195 2504; x_wconf 85' lang='lat' dir='ltr'><strong>ninationis</strong></span> <span class='ocrx_word' id='word_1_247' title='bbox 230 2441 404 2502; x_wconf 88' lang='lat' dir='ltr'><strong>inviolatos</strong></span> <span class='ocrx_word' id='word_1_248' title='bbox 435 2439 645 2504; x_wconf 77' lang='lat' dir='ltr'><strong>habebamus.</strong></span> <span class='ocrx_word' id='word_1_249' title='bbox 698 2441 786 2521; x_wconf 90' lang='lat' dir='ltr'><strong>Nos,</strong></span> <span class='ocrx_word' id='word_1_250' title='bbox 818 2453 987 2502; x_wconf 87' lang='lat' dir='ltr'><strong>terrarum</strong></span> <span class='ocrx_word' id='word_1_251' title='bbox 1008 2460 1048 2500; x_wconf 89' lang='lat' dir='ltr'><strong>ac</strong></span> <span class='ocrx_word' id='word_1_252' title='bbox 1064 2440 1231 2504; x_wconf 85' lang='lat' dir='ltr'><strong>libertatis</strong></span> 
     </span>
     <span class='ocr_line' id='line_1_29' title="bbox 27 2523 1229 2608; baseline 0.004 -27"><span class='ocrx_word' id='word_1_253' title='bbox 27 2536 180 2605; x_wconf 73' lang='lat' dir='ltr'><strong>extremos,</strong></span> <span class='ocrx_word' id='word_1_254' title='bbox 218 2543 360 2590; x_wconf 79' lang='lat' dir='ltr'><strong>recessus</strong></span> <span class='ocrx_word' id='word_1_255' title='bbox 389 2525 456 2602; x_wconf 85' lang='lat' dir='ltr'><strong>ipse</strong></span> <span class='ocrx_word' id='word_1_256' title='bbox 483 2543 523 2586; x_wconf 88' lang='lat' dir='ltr'><strong>aa</strong></span> <span class='ocrx_word' id='word_1_257' title='bbox 553 2525 643 2586; x_wconf 89' lang='lat' dir='ltr'><strong>sinus</strong></span> <span class='ocrx_word' id='word_1_258' title='bbox 654 2523 775 2608; x_wconf 89' lang='lat' dir='ltr'><strong>famae</strong></span> <span class='ocrx_word' id='word_1_259' title='bbox 796 2524 832 2584; x_wconf 93' lang='lat' dir='ltr'><strong>in</strong></span> <span class='ocrx_word' id='word_1_260' title='bbox 853 2525 941 2586; x_wconf 80' lang='lat' dir='ltr'><strong>bunc</strong></span> <span class='ocrx_word' id='word_1_261' title='bbox 962 2524 1049 2584; x_wconf 82' lang='lat' dir='ltr'><strong>diam</strong></span> <span class='ocrx_word' id='word_1_262' title='bbox 1070 2524 1229 2606; x_wconf 81' lang='lat' dir='ltr'><strong>defendit.</strong></span> 
     </span>
     <span class='ocr_line' id='line_1_30' title="bbox 26 2607 1231 2686; baseline 0.003 -24"><span class='ocrx_word' id='word_1_263' title='bbox 26 2607 100 2668; x_wconf 70' lang='lat' dir='ltr'><strong>sau</strong></span> <span class='ocrx_word' id='word_1_264' title='bbox 119 2608 287 2670; x_wconf 87' lang='lat' dir='ltr'><strong>terminus</strong></span> <span class='ocrx_word' id='word_1_265' title='bbox 308 2607 504 2670; x_wconf 86' lang='lat' dir='ltr'><strong>Britanniae</strong></span> <span class='ocrx_word' id='word_1_266' title='bbox 524 2621 624 2684; x_wconf 86' lang='lat' dir='ltr'><strong>patet.</strong></span> <span class='ocrx_word' id='word_1_267' title='bbox 667 2608 771 2686; x_wconf 87' lang='lat' dir='ltr'><strong>Atqui</strong></span> <span class='ocrx_word' id='word_1_268' title='bbox 793 2626 886 2668; x_wconf 86' lang='lat' dir='ltr'><strong>omne</strong></span> <span class='ocrx_word' id='word_1_269' title='bbox 907 2608 1059 2686; x_wconf 76' lang='lat' dir='ltr'><strong>ignotum</strong></span> <span class='ocrx_word' id='word_1_270' title='bbox 1079 2627 1142 2684; x_wconf 89' lang='lat' dir='ltr'><strong>pro</strong></span> <span class='ocrx_word' id='word_1_271' title='bbox 1161 2627 1231 2667; x_wconf 86' lang='lat' dir='ltr'><strong>ma·</strong></span> 
     </span>
     <span class='ocr_line' id='line_1_31' title="bbox 26 2688 1232 2774; baseline 0.004 -28"><span class='ocrx_word' id='word_1_272' title='bbox 26 2691 118 2771; x_wconf 71' lang='lat' dir='ltr'><strong>gnifica</strong></span> <span class='ocrx_word' id='word_1_273' title='bbox 139 2704 204 2752; x_wconf 88' lang='lat' dir='ltr'><strong>est.</strong></span> <span class='ocrx_word' id='word_1_274' title='bbox 246 2693 311 2752; x_wconf 88' lang='lat' dir='ltr'><strong>Sed</strong></span> <span class='ocrx_word' id='word_1_275' title='bbox 331 2693 425 2750; x_wconf 86' lang='lat' dir='ltr'><strong>nulla</strong></span> <span class='ocrx_word' id='word_1_276' title='bbox 447 2693 514 2752; x_wconf 91' lang='lat' dir='ltr'><strong>iam</strong></span> <span class='ocrx_word' id='word_1_277' title='bbox 535 2693 627 2754; x_wconf 85' lang='lat' dir='ltr'><strong>ultra</strong></span> <span class='ocrx_word' id='word_1_278' title='bbox 647 2711 746 2771; x_wconf 64' lang='lat' dir='ltr'><strong>gensi</strong></span> <span class='ocrx_word' id='word_1_279' title='bbox 768 2691 854 2751; x_wconf 84' lang='lat' dir='ltr'><strong>nibil·</strong></span> <span class='ocrx_word' id='word_1_280' title='bbox 874 2691 938 2750; x_wconf 90' lang='lat' dir='ltr'><strong>nisi</strong></span> <span class='ocrx_word' id='word_1_281' title='bbox 943 2688 1077 2774; x_wconf 84' lang='lat' dir='ltr'><strong>fluctus</strong></span> <span class='ocrx_word' id='word_1_282' title='bbox 1097 2701 1130 2750; x_wconf 85' lang='lat' dir='ltr'><strong>et</strong></span> <span class='ocrx_word' id='word_1_283' title='bbox 1149 2709 1232 2751; x_wconf 78' lang='lat' dir='ltr'><strong>saxa</strong></span> 
     </span>
     <span class='ocr_line' id='line_1_32' title="bbox 26 2774 1230 2858; baseline 0.005 -29"><span class='ocrx_word' id='word_1_284' title='bbox 26 2775 241 2856; x_wconf 73' lang='lat' dir='ltr'><strong>nisssestiores</strong></span> <span class='ocrx_word' id='word_1_285' title='bbox 261 2775 420 2855; x_wconf 73' lang='lat' dir='ltr'><strong>Romani,</strong></span> <span class='ocrx_word' id='word_1_286' title='bbox 442 2795 580 2854; x_wconf 86' lang='lat' dir='ltr'><strong>quorum</strong></span> <span class='ocrx_word' id='word_1_287' title='bbox 601 2775 789 2856; x_wconf 87' lang='lat' dir='ltr'><strong>superbiam</strong></span> <span class='ocrx_word' id='word_1_288' title='bbox 799 2774 939 2858; x_wconf 89' lang='lat' dir='ltr'><strong>frustra</strong></span> <span class='ocrx_word' id='word_1_289' title='bbox 960 2793 1019 2852; x_wconf 86' lang='lat' dir='ltr'><strong>per</strong></span> <span class='ocrx_word' id='word_1_290' title='bbox 1040 2774 1230 2854; x_wconf 83' lang='lat' dir='ltr'><strong>obsequium</strong></span> 
     </span>
     <span class='ocr_line' id='line_1_33' title="bbox 25 2855 1231 2942; baseline 0.007 -32"><span class='ocrx_word' id='word_1_291' title='bbox 25 2869 46 2912; x_wconf 86' lang='lat' dir='ltr'><strong>n</strong></span> <span class='ocrx_word' id='word_1_292' title='bbox 60 2860 246 2920; x_wconf 81' lang='lat' dir='ltr'><strong>modestiam</strong></span> <span class='ocrx_word' id='word_1_293' title='bbox 267 2855 434 2942; x_wconf 83' lang='lat' dir='ltr'><strong>effugeris.</strong></span> <span class='ocrx_word' id='word_1_294' title='bbox 474 2859 634 2937; x_wconf 86' lang='lat' dir='ltr'><strong>Raptores</strong></span> <span class='ocrx_word' id='word_1_295' title='bbox 655 2859 752 2930; x_wconf 88' lang='lat' dir='ltr'><strong>orbis,</strong></span> <span class='ocrx_word' id='word_1_296' title='bbox 772 2871 943 2938; x_wconf 85' lang='lat' dir='ltr'><strong>postquam</strong></span> <span class='ocrx_word' id='word_1_297' title='bbox 961 2871 1080 2921; x_wconf 86' lang='lat' dir='ltr'><strong>cuncta</strong></span> <span class='ocrx_word' id='word_1_298' title='bbox 1100 2870 1231 2920; x_wconf 86' lang='lat' dir='ltr'><strong>uastan-</strong></span> 
     </span>
     <span class='ocr_line' id='line_1_34' title="bbox 27 2939 1231 3026; baseline 0.004 -26"><span class='ocrx_word' id='word_1_299' title='bbox 27 2939 89 3002; x_wconf 77' lang='lat' dir='ltr'><strong>tibus</strong></span> <span class='ocrx_word' id='word_1_300' title='bbox 107 2941 246 3026; x_wconf 85' lang='lat' dir='ltr'><strong>defuere</strong></span> <span class='ocrx_word' id='word_1_301' title='bbox 266 2955 395 3022; x_wconf 79' lang='lat' dir='ltr'><strong>terrae,</strong></span> <span class='ocrx_word' id='word_1_302' title='bbox 417 2954 449 3002; x_wconf 89' lang='lat' dir='ltr'><strong>et</strong></span> <span class='ocrx_word' id='word_1_303' title='bbox 471 2962 561 3004; x_wconf 85' lang='lat' dir='ltr'><strong>mare</strong></span> <span class='ocrx_word' id='word_1_304' title='bbox 581 2955 784 3006; x_wconf 85' lang='lat' dir='ltr'><strong>scrutantur.</strong></span> <span class='ocrx_word' id='word_1_305' title='bbox 828 2941 865 3004; x_wconf 86' lang='lat' dir='ltr'><strong>Si</strong></span> <span class='ocrx_word' id='word_1_306' title='bbox 887 2943 1026 3020; x_wconf 87' lang='lat' dir='ltr'><strong>locuples</strong></span> <span class='ocrx_word' id='word_1_307' title='bbox 1048 2941 1147 3006; x_wconf 84' lang='lat' dir='ltr'><strong>bostis</strong></span> <span class='ocrx_word' id='word_1_308' title='bbox 1170 2955 1231 3022; x_wconf 81' lang='lat' dir='ltr'><strong>cst,</strong></span> 
     </span>
     <span class='ocr_line' id='line_1_35' title="bbox 26 3025 1289 3105; baseline 0.006 -25"><span class='ocrx_word' id='word_1_309' title='bbox 26 3027 111 3096; x_wconf 64' lang='grc' dir='ltr'><em>παγίς</em></span> <span class='ocrx_word' id='word_1_310' title='bbox 131 3027 162 3088; x_wconf 85' lang='lat' dir='ltr'><strong>si</strong></span> <span class='ocrx_word' id='word_1_311' title='bbox 183 3045 331 3104; x_wconf 84' lang='lat' dir='ltr'><strong>pauper,</strong></span> <span class='ocrx_word' id='word_1_312' title='bbox 355 3025 534 3088; x_wconf 81' lang='lat' dir='ltr'><strong>ambitiosi:</strong></span> <span class='ocrx_word' id='word_1_313' title='bbox 563 3047 643 3105; x_wconf 82' lang='lat' dir='ltr'><strong>quus</strong></span> <span class='ocrx_word' id='word_1_314' title='bbox 664 3047 730 3096; x_wconf 84' lang='lat' dir='ltr'><strong>non</strong></span> <span class='ocrx_word' id='word_1_315' title='bbox 752 3025 891 3104; x_wconf 78' lang='lat' dir='ltr'><strong>Oriens,</strong></span> <span class='ocrx_word' id='word_1_316' title='bbox 912 3045 979 3094; x_wconf 87' lang='lat' dir='ltr'><strong>non</strong></span> <span class='ocrx_word' id='word_1_317' title='bbox 1002 3025 1163 3090; x_wconf 80' lang='lat' dir='ltr'><strong>Occidens.</strong></span> <span class='ocrx_word' id='word_1_318' title='bbox 1180 3045 1231 3089; x_wconf 83' lang='lat' dir='ltr'><strong>sa-</strong></span> <span class='ocrx_word' id='word_1_319' title='bbox 1286 3099 1289 3104; x_wconf 28' lang='grc' dir='ltr'>Ι</span> 
     </span>
     <span class='ocr_line' id='line_1_36' title="bbox 28 3106 1231 3190; baseline 0.004 -27"><span class='ocrx_word' id='word_1_320' title='bbox 28 3108 148 3174; x_wconf 79' lang='lat' dir='ltr'><strong>tinuerit.</strong></span> <span class='ocrx_word' id='word_1_321' title='bbox 194 3109 263 3170; x_wconf 89' lang='lat' dir='ltr'><strong>Soli</strong></span> <span class='ocrx_word' id='word_1_322' title='bbox 290 3111 438 3170; x_wconf 89' lang='lat' dir='ltr'><strong>omnium</strong></span> <span class='ocrx_word' id='word_1_323' title='bbox 469 3129 543 3189; x_wconf 87' lang='lat' dir='ltr'><strong>opes</strong></span> <span class='ocrx_word' id='word_1_324' title='bbox 577 3123 677 3188; x_wconf 85' lang='lat' dir='ltr'><strong>atque</strong></span> <span class='ocrx_word' id='word_1_325' title='bbox 706 3110 852 3187; x_wconf 81' lang='lat' dir='ltr'><strong>inopiam</strong></span> <span class='ocrx_word' id='word_1_326' title='bbox 871 3110 948 3186; x_wconf 85' lang='lat' dir='ltr'><strong>pari</strong></span> <span class='ocrx_word' id='word_1_327' title='bbox 968 3106 1094 3190; x_wconf 81' lang='lat' dir='ltr'><strong>affeetu</strong></span> <span class='ocrx_word' id='word_1_328' title='bbox 1114 3129 1231 3170; x_wconf 86' lang='lat' dir='ltr'><strong>conau-</strong></span> 
     </span>
    </p>
   </div>
   <div class='ocr_carea' id='block_1_5' title="bbox 9 3191 1231 3360">
    <p class='ocr_par' dir='ltr' id='par_1_7' title="bbox 9 3191 1231 3360">
     <span class='ocr_line' id='line_1_37' title="bbox 9 3191 1231 3278; baseline 0.005 -30"><span class='ocrx_word' id='word_1_329' title='bbox 9 3191 140 3262; x_wconf 64' lang='lat' dir='ltr'><strong>*parurn</strong></span> <span class='ocrx_word' id='word_1_330' title='bbox 189 3191 354 3276; x_wconf 82' lang='lat' dir='ltr'><strong>Auferre,</strong></span> <span class='ocrx_word' id='word_1_331' title='bbox 388 3193 557 3252; x_wconf 83' lang='lat' dir='ltr'><strong>trucidare</strong></span> <span class='ocrx_word' id='word_1_332' title='bbox 603 3213 738 3272; x_wconf 86' lang='lat' dir='ltr'><strong>rapere,</strong></span> <span class='ocrx_word' id='word_1_333' title='bbox 762 3192 868 3275; x_wconf 84' lang='lat' dir='ltr'><strong>salsis</strong></span> <span class='ocrx_word' id='word_1_334' title='bbox 907 3193 1094 3254; x_wconf 86' lang='lat' dir='ltr'><strong>nominibus</strong></span> <span class='ocrx_word' id='word_1_335' title='bbox 1125 3193 1231 3278; x_wconf 83' lang='lat' dir='ltr'><strong>impe-</strong></span> 
     </span>
     <span class='ocr_line' id='line_1_38' title="bbox 26 3275 1066 3360; baseline 0.007 -28"><span class='ocrx_word' id='word_1_336' title='bbox 26 3275 108 3354; x_wconf 83' lang='lat' dir='ltr'><strong>rium,</strong></span> <span class='ocrx_word' id='word_1_337' title='bbox 130 3289 248 3356; x_wconf 89' lang='lat' dir='ltr'><strong>atque‚</strong></span> <span class='ocrx_word' id='word_1_338' title='bbox 271 3277 329 3338; x_wconf 90' lang='lat' dir='ltr'><strong>ubi</strong></span> <span class='ocrx_word' id='word_1_339' title='bbox 349 3277 561 3339; x_wconf 86' lang='lat' dir='ltr'><strong>solitudinem</strong></span> <span class='ocrx_word' id='word_1_340' title='bbox 570 3276 730 3360; x_wconf 81' lang='lat' dir='ltr'><strong>jaciunt,</strong></span> <span class='ocrx_word' id='word_1_341' title='bbox 752 3295 867 3360; x_wconf 83' lang='lat' dir='ltr'><strong>paoem</strong></span> <span class='ocrx_word' id='word_1_342' title='bbox 888 3277 1066 3356; x_wconf 85' lang='lat' dir='ltr'><strong>appellant.</strong></span> 
     </span>
    </p>
   </div>
   <div class='ocr_carea' id='block_1_6' title="bbox 26 3392 1233 4412">
    <p class='ocr_par' dir='ltr' id='par_1_8' title="bbox 26 3392 1233 4118">
     <span class='ocr_line' id='line_1_39' title="bbox 77 3392 1232 3464; baseline 0.003 -17"><span class='ocrx_word' id='word_1_343' title='bbox 77 3399 100 3448; x_wconf 83' lang='lat'><strong>1.</strong></span> <span class='ocrx_word' id='word_1_344' title='bbox 139 3393 293 3462; x_wconf 79' lang='lat' dir='ltr'><strong>Quotiens,</strong></span> <span class='ocrx_word' id='word_1_345' title='bbox 311 3403 346 3447; x_wconf 88' lang='lat' dir='ltr'><strong>ut</strong></span> <span class='ocrx_word' id='word_1_346' title='bbox 362 3399 485 3462; x_wconf 82' lang='lat' dir='ltr'><strong>totiens,</strong></span> <span class='ocrx_word' id='word_1_347' title='bbox 498 3393 679 3463; x_wconf 72' lang='lat' dir='ltr'><strong>formantia,</strong></span> <span class='ocrx_word' id='word_1_348' title='bbox 702 3396 881 3456; x_wconf 73' lang='lat' dir='ltr'><strong>vicensimas,</strong></span> <span class='ocrx_word' id='word_1_349' title='bbox 912 3409 1052 3464; x_wconf 63' lang='lat' dir='ltr'><strong>aseensus</strong></span> <span class='ocrx_word' id='word_1_350' title='bbox 1071 3399 1102 3446; x_wconf 86' lang='lat' dir='ltr'><strong>st</strong></span> <span class='ocrx_word' id='word_1_351' title='bbox 1118 3392 1232 3450; x_wconf 80' lang='lat' dir='ltr'><strong>similis</strong></span> 
     </span>
     <span class='ocr_line' id='line_1_40' title="bbox 26 3463 1229 3538; baseline 0.006 -23"><span class='ocrx_word' id='word_1_352' title='bbox 26 3463 158 3536; x_wconf 81' lang='lat' dir='ltr'><strong>inlspidd.</strong></span> <span class='ocrx_word' id='word_1_353' title='bbox 179 3465 260 3520; x_wconf 75' lang='lat' dir='ltr'><strong>MSS.</strong></span> <span class='ocrx_word' id='word_1_354' title='bbox 282 3474 311 3520; x_wconf 82' lang='lat' dir='ltr'><strong>et</strong></span> <span class='ocrx_word' id='word_1_355' title='bbox 327 3467 390 3522; x_wconf 86' lang='lat' dir='ltr'><strong>edd.</strong></span> <span class='ocrx_word' id='word_1_356' title='bbox 409 3477 468 3522; x_wconf 82' lang='lat' dir='ltr'><strong>vet.</strong></span> <span class='ocrx_word' id='word_1_357' title='bbox 505 3469 541 3520; x_wconf 89' lang='lat' dir='ltr'><strong>ln</strong></span> <span class='ocrx_word' id='word_1_358' title='bbox 558 3467 661 3524; x_wconf 82' lang='lat' dir='ltr'><strong>iisdem</strong></span> <span class='ocrx_word' id='word_1_359' title='bbox 679 3475 777 3523; x_wconf 79' lang='lat' dir='ltr'><strong>tamen</strong></span> <span class='ocrx_word' id='word_1_360' title='bbox 796 3473 825 3523; x_wconf 87' lang='lat' dir='ltr'><strong>et</strong></span> <span class='ocrx_word' id='word_1_361' title='bbox 843 3471 967 3538; x_wconf 84' lang='lat' dir='ltr'><strong>quaties,</strong></span> <span class='ocrx_word' id='word_1_362' title='bbox 997 3469 1081 3520; x_wconf 80' lang='lat' dir='ltr'><strong>toties</strong></span> <span class='ocrx_word' id='word_1_363' title='bbox 1107 3473 1163 3520; x_wconf 85' lang='lat' dir='ltr'><strong>cst.</strong></span> <span class='ocrx_word' id='word_1_364' title='bbox 1183 3483 1229 3522; x_wconf 83' lang='lat' dir='ltr'><strong>re·</strong></span> 
     </span>
     <span class='ocr_line' id='line_1_41' title="bbox 27 3537 1228 3610; baseline 0.005 -22"><span class='ocrx_word' id='word_1_365' title='bbox 27 3539 165 3604; x_wconf 79' lang='lat' dir='ltr'><strong>pariuntur,</strong></span> <span class='ocrx_word' id='word_1_366' title='bbox 186 3537 272 3592; x_wconf 81' lang='lat' dir='ltr'><strong>illam</strong></span> <span class='ocrx_word' id='word_1_367' title='bbox 286 3557 355 3594; x_wconf 84' lang='lat' dir='ltr'><strong>vero</strong></span> <span class='ocrx_word' id='word_1_368' title='bbox 366 3541 543 3610; x_wconf 82' lang='lat' dir='ltr'><strong>scripturam</strong></span> <span class='ocrx_word' id='word_1_369' title='bbox 562 3539 631 3594; x_wconf 85' lang='lat' dir='ltr'><strong>inde</strong></span> <span class='ocrx_word' id='word_1_370' title='bbox 643 3542 805 3610; x_wconf 79' lang='lat' dir='ltr'><strong>profectam</strong></span> <span class='ocrx_word' id='word_1_371' title='bbox 820 3545 934 3609; x_wconf 78' lang='lat' dir='ltr'><strong>putant,</strong></span> <span class='ocrx_word' id='word_1_372' title='bbox 954 3537 1032 3608; x_wconf 79' lang='lat' dir='ltr'><strong>quod</strong></span> <span class='ocrx_word' id='word_1_373' title='bbox 1044 3544 1157 3600; x_wconf 78' lang='lat' dir='ltr'><strong>veteres</strong></span> <span class='ocrx_word' id='word_1_374' title='bbox 1171 3539 1228 3594; x_wconf 87' lang='lat' dir='ltr'><strong>Ro-</strong></span> 
     </span>
     <span class='ocr_line' id='line_1_42' title="bbox 27 3610 1227 3688; baseline 0.008 -30"><span class='ocrx_word' id='word_1_375' title='bbox 27 3610 86 3660; x_wconf 80' lang='lat' dir='ltr'><strong>mani</strong></span> <span class='ocrx_word' id='word_1_376' title='bbox 103 3611 220 3680; x_wconf 79' lang='lat' dir='ltr'><strong>apicem</strong></span> <span class='ocrx_word' id='word_1_377' title='bbox 241 3613 300 3666; x_wconf 86' lang='lat' dir='ltr'><strong>sive</strong></span> <span class='ocrx_word' id='word_1_378' title='bbox 318 3612 459 3666; x_wconf 80' lang='lat' dir='ltr'><strong>lineolam</strong></span> <span class='ocrx_word' id='word_1_379' title='bbox 486 3613 747 3684; x_wconf 74' lang='lat' dir='ltr'><strong>superscripserint</strong></span> <span class='ocrx_word' id='word_1_380' title='bbox 774 3611 871 3688; x_wconf 79' lang='lat' dir='ltr'><strong>longis</strong></span> <span class='ocrx_word' id='word_1_381' title='bbox 889 3611 1008 3683; x_wconf 80' lang='lat' dir='ltr'><strong>syllabis</strong></span> <span class='ocrx_word' id='word_1_382' title='bbox 1027 3631 1048 3666; x_wconf 88' lang='lat' dir='ltr'><strong>s.</strong></span> <span class='ocrx_word' id='word_1_383' title='bbox 1062 3612 1227 3679; x_wconf 74' lang='lat' dir='ltr'><strong>noualibus,</strong></span> 
     </span>
     <span class='ocr_line' id='line_1_43' title="bbox 27 3682 1228 3754; baseline 0.005 -20"><span class='ocrx_word' id='word_1_384' title='bbox 27 3682 85 3746; x_wconf 76' lang='lat' dir='ltr'><strong>qut</strong></span> <span class='ocrx_word' id='word_1_385' title='bbox 108 3683 325 3754; x_wconf 85' lang='lat' dir='ltr'><strong>ineptissimum</strong></span> <span class='ocrx_word' id='word_1_386' title='bbox 351 3703 410 3739; x_wconf 84' lang='lat' dir='ltr'><strong>esse</strong></span> <span class='ocrx_word' id='word_1_387' title='bbox 434 3685 508 3738; x_wconf 84' lang='lat' dir='ltr'><strong>dicit</strong></span> <span class='ocrx_word' id='word_1_388' title='bbox 533 3683 653 3751; x_wconf 81' lang='lat' dir='ltr'><strong>Quintil.</strong></span> <span class='ocrx_word' id='word_1_389' title='bbox 680 3685 705 3740; x_wconf 81' lang='lat' dir='ltr'><strong>J.</strong></span> <span class='ocrx_word' id='word_1_390' title='bbox 731 3685 762 3746; x_wconf 84' lang='lat'><strong>0,</strong></span> <span class='ocrx_word' id='word_1_391' title='bbox 786 3689 817 3751; x_wconf 85' lang='grc'><strong>1,</strong></span> <span class='ocrx_word' id='word_1_392' title='bbox 835 3689 862 3748; x_wconf 79' lang='grc'><strong>7.</strong></span> <span class='ocrx_word' id='word_1_393' title='bbox 902 3685 945 3742; x_wconf 81' lang='lat' dir='ltr'><strong>cf.</strong></span> <span class='ocrx_word' id='word_1_394' title='bbox 967 3701 1040 3754; x_wconf 85' lang='lat' dir='ltr'><strong>quas</strong></span> <span class='ocrx_word' id='word_1_395' title='bbox 1059 3684 1172 3744; x_wconf 82' lang='lat' dir='ltr'><strong>Dronk.</strong></span> <span class='ocrx_word' id='word_1_396' title='bbox 1192 3685 1228 3745; x_wconf 78' lang='lat' dir='ltr'><strong>sd</strong></span> 
     </span>
     <span class='ocr_line' id='line_1_44' title="bbox 28 3751 1226 3828; baseline 0.006 -25"><span class='ocrx_word' id='word_1_397' title='bbox 28 3751 224 3810; x_wconf 72' lang='lat' dir='ltr'><strong>t1.stHsss.</strong></span> <span class='ocrx_word' id='word_1_398' title='bbox 253 3755 289 3810; x_wconf 84' lang='lat' dir='ltr'><strong>ad</strong></span> <span class='ocrx_word' id='word_1_399' title='bbox 316 3757 350 3811; x_wconf 87' lang='lat' dir='ltr'><strong>G.</strong></span> <span class='ocrx_word' id='word_1_400' title='bbox 378 3761 412 3813; x_wconf 88' lang='lat'><strong>15</strong></span> <span class='ocrx_word' id='word_1_401' title='bbox 426 3774 472 3828; x_wconf 83' lang='lat' dir='ltr'><strong>pr.</strong></span> <span class='ocrx_word' id='word_1_402' title='bbox 498 3757 557 3810; x_wconf 82' lang='lat' dir='ltr'><strong>iam</strong></span> <span class='ocrx_word' id='word_1_403' title='bbox 576 3757 748 3824; x_wconf 74' lang='lat' dir='ltr'><strong>laudarunt,</strong></span> <span class='ocrx_word' id='word_1_404' title='bbox 772 3757 840 3819; x_wconf 76' lang='lat' dir='ltr'><strong>Tac.</strong></span> <span class='ocrx_word' id='word_1_405' title='bbox 859 3757 933 3816; x_wconf 78' lang='lat' dir='ltr'><strong>Anu.</strong></span> <span class='ocrx_word' id='word_1_406' title='bbox 953 3762 988 3823; x_wconf 79' lang='grc'><strong>3,</strong></span> <span class='ocrx_word' id='word_1_407' title='bbox 1006 3761 1033 3814; x_wconf 78' lang='grc'><strong>6.</strong></span> <span class='ocrx_word' id='word_1_408' title='bbox 1053 3761 1097 3814; x_wconf 85' lang='grc'><strong>33.</strong></span> <span class='ocrx_word' id='word_1_409' title='bbox 1116 3761 1162 3816; x_wconf 74' lang='grc'><strong>31.</strong></span> <span class='ocrx_word' id='word_1_410' title='bbox 1181 3761 1226 3815; x_wconf 82' lang='grc'><strong>65.</strong></span> 
     </span>
     <span class='ocr_line' id='line_1_45' title="bbox 28 3827 1227 3904; baseline 0.001 -20"><span class='ocrx_word' id='word_1_411' title='bbox 28 3828 114 3888; x_wconf 69' lang='lat' dir='ltr'><strong>nto.</strong></span> <span class='ocrx_word' id='word_1_412' title='bbox 132 3831 175 3884; x_wconf 72' lang='grc'><strong>64.</strong></span> <span class='ocrx_word' id='word_1_413' title='bbox 200 3829 235 3884; x_wconf 87' lang='grc' dir='ltr'><strong>Η.</strong></span> <span class='ocrx_word' id='word_1_414' title='bbox 256 3834 288 3896; x_wconf 87' lang='lat'><strong>1,</strong></span> <span class='ocrx_word' id='word_1_415' title='bbox 305 3832 351 3886; x_wconf 74' lang='grc'><strong>24.</strong></span> <span class='ocrx_word' id='word_1_416' title='bbox 371 3834 416 3887; x_wconf 83' lang='grc'><strong>37.</strong></span> <span class='ocrx_word' id='word_1_417' title='bbox 436 3833 469 3898; x_wconf 80' lang='grc'><strong>3,</strong></span> <span class='ocrx_word' id='word_1_418' title='bbox 488 3831 532 3886; x_wconf 84' lang='grc'><strong>51.</strong></span> <span class='ocrx_word' id='word_1_419' title='bbox 569 3827 686 3904; x_wconf 75' lang='lat' dir='ltr'><strong>Agr-1.</strong></span> <span class='ocrx_word' id='word_1_420' title='bbox 713 3829 744 3884; x_wconf 91' lang='grc' dir='ltr'><strong>Ο.</strong></span> <span class='ocrx_word' id='word_1_421' title='bbox 764 3832 809 3894; x_wconf 77' lang='grc'><strong>23.</strong></span> <span class='ocrx_word' id='word_1_422' title='bbox 846 3832 954 3885; x_wconf 78' lang='lat' dir='ltr'><strong>Manui.</strong></span> <span class='ocrx_word' id='word_1_423' title='bbox 981 3829 1017 3884; x_wconf 84' lang='lat' dir='ltr'><strong>ad</strong></span> <span class='ocrx_word' id='word_1_424' title='bbox 1037 3829 1097 3885; x_wconf 78' lang='lat' dir='ltr'><strong>cia.</strong></span> <span class='ocrx_word' id='word_1_425' title='bbox 1125 3845 1171 3901; x_wconf 80' lang='lat' dir='ltr'><strong>ap.</strong></span> <span class='ocrx_word' id='word_1_426' title='bbox 1191 3829 1227 3886; x_wconf 87' lang='lat' dir='ltr'><strong>ad</strong></span> 
     </span>
     <span class='ocr_line' id='line_1_46' title="bbox 29 3897 1233 3978; baseline 0.011 -33"><span class='ocrx_word' id='word_1_427' title='bbox 29 3897 76 3952; x_wconf 82' lang='lat' dir='ltr'><strong>lun.</strong></span> <span class='ocrx_word' id='word_1_428' title='bbox 104 3905 133 3966; x_wconf 90' lang='lat'><strong>1,</strong></span> <span class='ocrx_word' id='word_1_429' title='bbox 159 3903 187 3962; x_wconf 86' lang='lat'><strong>7.</strong></span> <span class='ocrx_word' id='word_1_430' title='bbox 215 3917 261 3972; x_wconf 87' lang='lat' dir='ltr'><strong>pr.</strong></span> <span class='ocrx_word' id='word_1_431' title='bbox 287 3905 316 3966; x_wconf 79' lang='lat' dir='ltr'><strong>(s</strong></span> <span class='ocrx_word' id='word_1_432' title='bbox 339 3919 397 3972; x_wconf 83' lang='lat' dir='ltr'><strong>quo</strong></span> <span class='ocrx_word' id='word_1_433' title='bbox 422 3917 481 3966; x_wconf 77' lang='lat' dir='ltr'><strong>non</strong></span> <span class='ocrx_word' id='word_1_434' title='bbox 506 3901 646 3972; x_wconf 84' lang='lat' dir='ltr'><strong>probatur</strong></span> <span class='ocrx_word' id='word_1_435' title='bbox 662 3906 805 3974; x_wconf 80' lang='lat' dir='ltr'><strong>quotiens)</strong></span> <span class='ocrx_word' id='word_1_436' title='bbox 824 3902 931 3964; x_wconf 80' lang='lat' dir='ltr'><strong>Gellsr.</strong></span> <span class='ocrx_word' id='word_1_437' title='bbox 959 3900 1090 3978; x_wconf 70' lang='lat' dir='ltr'><strong>orthogr.</strong></span> <span class='ocrx_word' id='word_1_438' title='bbox 1110 3903 1161 3962; x_wconf 81' lang='lat' dir='ltr'><strong>lat.</strong></span> <span class='ocrx_word' id='word_1_439' title='bbox 1182 3903 1233 3960; x_wconf 85' lang='lat' dir='ltr'><strong>ed..</strong></span> 
     </span>
     <span class='ocr_line' id='line_1_47' title="bbox 29 3968 1225 4052; baseline 0.002 -24"><span class='ocrx_word' id='word_1_440' title='bbox 29 3968 87 4022; x_wconf 65' lang='lat' dir='ltr'><strong>flarl-</strong></span> <span class='ocrx_word' id='word_1_441' title='bbox 103 3973 134 4028; x_wconf 86' lang='grc' dir='ltr'><strong>Τ.</strong></span> <span class='ocrx_word' id='word_1_442' title='bbox 151 3973 174 4032; x_wconf 84' lang='lat'><strong>1.</strong></span> <span class='ocrx_word' id='word_1_443' title='bbox 198 3991 229 4044; x_wconf 84' lang='lat' dir='ltr'><strong>p.</strong></span> <span class='ocrx_word' id='word_1_444' title='bbox 248 3978 309 4032; x_wconf 80' lang='grc'><strong>336.</strong></span> <span class='ocrx_word' id='word_1_445' title='bbox 331 3974 496 4052; x_wconf 69' lang='lat' dir='ltr'><strong>Cannegist.</strong></span> <span class='ocrx_word' id='word_1_446' title='bbox 515 3974 552 4028; x_wconf 87' lang='lat' dir='ltr'><strong>ad</strong></span> <span class='ocrx_word' id='word_1_447' title='bbox 568 3974 668 4031; x_wconf 78' lang='lat' dir='ltr'><strong>Aviau</strong></span> <span class='ocrx_word' id='word_1_448' title='bbox 686 3992 714 4045; x_wconf 89' lang='lat' dir='ltr'><strong>p.</strong></span> <span class='ocrx_word' id='word_1_449' title='bbox 736 3979 796 4032; x_wconf 83' lang='lat'><strong>173.</strong></span> <span class='ocrx_word' id='word_1_450' title='bbox 820 3975 894 4036; x_wconf 71' lang='lat' dir='ltr'><strong>,Ada</strong></span> <span class='ocrx_word' id='word_1_451' title='bbox 913 3975 946 4030; x_wconf 84' lang='grc' dir='ltr'><strong>Α.</strong></span> <span class='ocrx_word' id='word_1_452' title='bbox 966 3977 1073 4032; x_wconf 76' lang='lat' dir='ltr'><strong>nanus</strong></span> <span class='ocrx_word' id='word_1_453' title='bbox 1093 3974 1225 4052; x_wconf 73' lang='lat' dir='ltr'><strong>orthags.</strong></span> 
     </span>
     <span class='ocr_line' id='line_1_48' title="bbox 30 4045 1227 4118; baseline 0.002 -16"><span class='ocrx_word' id='word_1_454' title='bbox 30 4047 218 4108; x_wconf 64' lang='grc' dir='ltr'><strong>199.οω</strong></span> <span class='ocrx_word' id='word_1_455' title='bbox 239 4045 276 4100; x_wconf 79' lang='lat' dir='ltr'><strong>ad</strong></span> <span class='ocrx_word' id='word_1_456' title='bbox 294 4047 323 4102; x_wconf 89' lang='lat'><strong>0.</strong></span> <span class='ocrx_word' id='word_1_457' title='bbox 342 4052 388 4106; x_wconf 83' lang='lat'><strong>2³.</strong></span> <span class='ocrx_word' id='word_1_458' title='bbox 408 4057 436 4102; x_wconf 88' lang='lat' dir='ltr'><strong>et</strong></span> <span class='ocrx_word' id='word_1_459' title='bbox 456 4047 568 4104; x_wconf 77' lang='lat' dir='ltr'><strong>Gratas.</strong></span> <span class='ocrx_word' id='word_1_460' title='bbox 590 4047 688 4106; x_wconf 76' lang='lat' dir='ltr'><strong>Graiu.</strong></span> <span class='ocrx_word' id='word_1_461' title='bbox 707 4047 741 4100; x_wconf 83' lang='grc' dir='ltr'><strong>Τ.</strong></span> <span class='ocrx_word' id='word_1_462' title='bbox 760 4048 799 4104; x_wconf 92' lang='lat'><strong>11.</strong></span> <span class='ocrx_word' id='word_1_463' title='bbox 823 4065 853 4118; x_wconf 87' lang='lat' dir='ltr'><strong>p.</strong></span> <span class='ocrx_word' id='word_1_464' title='bbox 872 4051 898 4108; x_wconf 78' lang='lat'><strong>5.</strong></span> <span class='ocrx_word' id='word_1_465' title='bbox 925 4048 970 4104; x_wconf 84' lang='lat' dir='ltr'><strong>ed.</strong></span> <span class='ocrx_word' id='word_1_466' title='bbox 992 4049 1040 4104; x_wconf 89' lang='lat' dir='ltr'><strong>lV.</strong></span> <span class='ocrx_word' id='word_1_467' title='bbox 1060 4077 1097 4090; x_wconf 91' lang='lat'>-</span> <span class='ocrx_word' id='word_1_468' title='bbox 1114 4053 1227 4108; x_wconf 79' lang='lat' dir='ltr'><strong>nscessi-</strong></span> 
     </span>
    </p>

    <p class='ocr_par' dir='ltr' id='par_1_9' title="bbox 63 4117 1228 4196">
     <span class='ocr_line' id='line_1_49' title="bbox 63 4117 1228 4196; baseline 0.003 -23"><span class='ocrx_word' id='word_1_469' title='bbox 63 4135 95 4173; x_wconf 67' lang='grc' dir='ltr'><strong>σιτ</strong></span> <span class='ocrx_word' id='word_1_470' title='bbox 110 4131 251 4180; x_wconf 73' lang='lat' dir='ltr'><strong>naama,</strong></span> <span class='ocrx_word' id='word_1_471' title='bbox 269 4117 341 4186; x_wconf 80' lang='lat' dir='ltr'><strong>belli</strong></span> <span class='ocrx_word' id='word_1_472' title='bbox 359 4120 472 4186; x_wconf 87' lang='lat' dir='ltr'><strong>nostri,</strong></span> <span class='ocrx_word' id='word_1_473' title='bbox 491 4139 508 4174; x_wconf 89' lang='lat' dir='ltr'><strong>s</strong></span> <span class='ocrx_word' id='word_1_474' title='bbox 526 4119 607 4175; x_wconf 90' lang='lat' dir='ltr'><strong>nobis</strong></span> <span class='ocrx_word' id='word_1_475' title='bbox 625 4119 762 4194; x_wconf 76' lang='lat' dir='ltr'><strong>gerendi,</strong></span> <span class='ocrx_word' id='word_1_476' title='bbox 782 4119 832 4174; x_wconf 81' lang='lat' dir='ltr'><strong>val</strong></span> <span class='ocrx_word' id='word_1_477' title='bbox 849 4120 946 4190; x_wconf 86' lang='lat' dir='ltr'><strong>patius</strong></span> <span class='ocrx_word' id='word_1_478' title='bbox 964 4121 1111 4192; x_wconf 84' lang='lat' dir='ltr'><strong>inopiam,</strong></span> <span class='ocrx_word' id='word_1_479' title='bbox 1135 4139 1228 4196; x_wconf 58' lang='lat' dir='ltr'><strong>anp-</strong></span> 
     </span>
    </p>

    <p class='ocr_par' dir='ltr' id='par_1_10' title="bbox 32 4191 1230 4412">
     <span class='ocr_line' id='line_1_50' title="bbox 84 4191 1230 4265; baseline -0.004 -12"><span class='ocrx_word' id='word_1_480' title='bbox 84 4191 206 4254; x_wconf 72' lang='lat' dir='ltr'><strong>sGsrm.</strong></span> <span class='ocrx_word' id='word_1_481' title='bbox 225 4191 309 4246; x_wconf 79' lang='lat' dir='ltr'><strong>Natis.</strong></span> <span class='ocrx_word' id='word_1_482' title='bbox 327 4221 365 4234; x_wconf 92' lang='lat'><em>-</em></span> <span class='ocrx_word' id='word_1_483' title='bbox 392 4197 515 4260; x_wconf 80' lang='lat' dir='ltr'><strong>intuear,</strong></span> <span class='ocrx_word' id='word_1_484' title='bbox 544 4193 746 4264; x_wconf 78' lang='lat' dir='ltr'><strong>contemplor,</strong></span> <span class='ocrx_word' id='word_1_485' title='bbox 776 4193 936 4254; x_wconf 81' lang='lat' dir='ltr'><strong>considens.</strong></span> <span class='ocrx_word' id='word_1_486' title='bbox 955 4221 992 4234; x_wconf 90' lang='lat'>—</span> <span class='ocrx_word' id='word_1_487' title='bbox 1017 4212 1136 4265; x_wconf 77' lang='lat' dir='ltr'><strong>magnus</strong></span> <span class='ocrx_word' id='word_1_488' title='bbox 1155 4193 1230 4248; x_wconf 80' lang='lat' dir='ltr'><strong>mibi</strong></span> 
     </span>
     <span class='ocr_line' id='line_1_51' title="bbox 32 4263 1222 4412; baseline 0.01 -28"><span class='ocrx_word' id='word_1_489' title='bbox 32 4263 446 4396; x_wconf 43' lang='lat' dir='ltr'><strong>instititutis*</strong></span> <span class='ocrx_word' id='word_1_490' title='bbox 463 4265 1140 4412; x_wconf 48' lang='lat' dir='ltr'><strong>⁹333..ssibiiffliiiiip&#39;si‘i&#39;</strong></span> <span class='ocrx_word' id='word_1_491' title='bbox 1160 4267 1222 4396; x_wconf 71' lang='lat' dir='ltr'><strong>i⁸&#39;&#39;</strong></span> 
     </span>
     <span class='ocr_line' id='line_1_52' title="bbox 58 4369 1141 4404; baseline -0.003 0"><span class='ocrx_word' id='word_1_492' title='bbox 58 4371 62 4383; x_wconf 94' lang='grc'><strong><em>·</em></strong></span> <span class='ocrx_word' id='word_1_493' title='bbox 142 4383 151 4396; x_wconf 92' lang='lat'><strong>·</strong></span> <span class='ocrx_word' id='word_1_494' title='bbox 277 4374 286 4404; x_wconf 83' lang='lat' dir='ltr'><strong>s</strong></span> <span class='ocrx_word' id='word_1_495' title='bbox 433 4369 469 4380; x_wconf 88' lang='lat'><strong>···</strong></span> <span class='ocrx_word' id='word_1_496' title='bbox 841 4373 849 4402; x_wconf 83' lang='lat' dir='ltr'><strong>s</strong></span> <span class='ocrx_word' id='word_1_497' title='bbox 888 4377 895 4391; x_wconf 94' lang='lat'><strong>·</strong></span> <span class='ocrx_word' id='word_1_498' title='bbox 1025 4377 1032 4392; x_wconf 90' lang='lat'><strong>·</strong></span> <span class='ocrx_word' id='word_1_499' title='bbox 1088 4377 1095 4394; x_wconf 89' lang='lat'><strong>·</strong></span> <span class='ocrx_word' id='word_1_500' title='bbox 1135 4377 1141 4392; x_wconf 89' lang='lat'><strong>·</strong></span> 
     </span>
    </p>
   </div>
   <div class='ocr_carea' id='block_1_7' title="bbox 0 0 1433 4802">
    <p class='ocr_par' dir='ltr' id='par_1_11' title="bbox 0 0 1433 4802">
     <span class='ocr_line' id='line_1_53' title="bbox 0 0 1433 4802; baseline 0 0"><span class='ocrx_word' id='word_1_501' title='bbox 0 0 1433 4802; x_wconf 95' lang='lat' dir='ltr'><strong> </strong></span> 
     </span>
    </p>
   </div>
  </div>
 </body>
</html>
