2904 4802
485 187 628 254 CAPUT
657 187 796 254 XXXV.
1194 189 1256 254 445

61 361 130 412 titur:
146 357 239 426 Rapta
255 358 381 425 raptoris
399 362 516 410 mortem
533 357 577 410 rel
593 358 709 427 nuptiae
726 359 818 422 optet,-
837 349 909 406 Pitls.
948 351 1013 420 „ct
1032 355 1152 422 Quintil.
1171 361 1208 423 4,
1223 361 1255 422 2,

61 435 90 487 aa
106 429 163 493 (obi
181 447 206 481 r.
227 429 362 496 Gesner.)
379 433 415 494 7,
433 433 466 494 8,
486 433 512 484 4.
546 428 665 496 eiusque
691 425 812 480 declam.
833 425 972 481 eccm
1003 429 1056 481 Dr.
1075 437 1106 484 et
1123 428 1254 497 semesa

61 504 150 572 lipsim
174 501 375 556 coniecturam
408 517 488 554 auam
515 504 661 554 eiectiome
687 505 787 569 postea
813 497 918 552 reiecit
947 500 1069 554 meliora
1095 501 1214 556 edoctus
1238 521 1254 554 a

60 575 170 638 finaeo,
191 575 235 626 Or.
251 602 288 615 -
307 573 482 628 Pestilentiae
500 573 624 628 remedia
641 585 701 624 non
718 570 814 624 minus
832 569 987 624 absurdum
1007 573 1254 628 declamationum

58 653 242 721 argumentum.
289 645 452 721 Fingebant
477 646 556 700 enim
580 645 629 700 isti
657 641 789 698 rhetores
812 642 995 712 pestilentiae
1018 653 1151 716 tempore
1176 645 1254 702 adiri

58 719 164 782 cucula,
182 727 259 772 vates
279 718 409 787 consuli,
438 717 609 788 responderi
628 714 836 770 immolandam
854 715 904 768 vir
927 715 933 727 “
958 733 1004 769 em
1022 718 1116 773 aliave
1134 719 1253 784 similia,

58 809 111 860 quse
126 791 228 844 mirum
246 791 278 844 in
297 791 417 844 modum
435 791 675 866 exaggerabant?
698 789 774 840 Broi.
810 786 876 854 „Gi
949 795 1010 844 ton.
1036 790 1135 846 Liber.
1163 807 1188 845 c.
1206 795 1253 852 25.

58 875 78 917 et
91 862 175 933 Spald.
194 863 229 916 ad
248 863 371 929 Quintil.
390 865 424 928 2,
445 867 493 929 1⁰,
512 864 558 918 4.”
575 864 628 916 Dr.
647 889 684 902 -·
714 877 797 930 quarn
815 859 854 912 ad
868 877 944 914 aeros
961 861 1061 916 indicae
1077 871 1187 918 omnen
1205 871 1256 924 ear,

59 939 154 989 ''rern
170 939 294 1008 cogitare
311 965 348 976 -
363 943 485 1006 poterat.
523 935 655 988 Lacunae
697 933 703 945 “
727 950 797 986 num
825 938 868 986 ast
885 931 916 984 in
935 933 1070 986 omnibus
1088 935 1151 990 edd.
1169 953 1256 1007 prae-

58 1019 90 1062 ter
103 1009 235 1078 primam,
258 1009 321 1062 Put.
342 1015 372 1060 et
388 1008 451 1060 Rir.
491 1008 526 1060 ln
544 1007 608 1062 odd.
628 1007 692 1060 Ber.
760 1021 804 1058 eu.
819 1009 843 1060 1.
854 1005 882 1060 2.
893 1009 920 1060 3.
947 1005 1082 1060 araneos.
1103 1015 1133 1062 et
1152 1007 1254 1062 Gelon.

58 1083 156 1150 spatium
173 1081 253 1134 baud
270 1097 409 1156 magnum
427 1079 565 1134 relictum
586 1087 642 1144 est,
663 1077 755 1130 maius
774 1077 806 1129 in
824 1094 849 1130 c.
868 1076 954 1132 Farn.
974 1086 1003 1131 et
1021 1079 1098 1134 Mss.
1120 1081 1182 1135 Vat.
1218 1081 1256 1134 ln

58 1154 119 1206 lam.
143 1161 170 1208 et
195 1155 258 1206 Vat.
277 1156 358 1210 4498.
384 1160 530 1206 notatum:
558 1151 603 1205 laic
619 1153 738 1204 maltum
756 1150 863 1220 deficit,
891 1149 922 1202 in
940 1150 1253 1225 margineVat.1518.

57 1227 87 1279 lic
100 1227 188 1280 meat
204 1243 251 1280 aar
264 1228 409 1297 pagellae,
440 1225 473 1278 iu
501 1223 563 1278 edd.
588 1223 721 1278 Francos.
746 1229 775 1276 et
800 1221 902 1276 Coton.
939 1223 1026 1278 &esse
1049 1223 1096 1278 bic
1139 1227 1256 1281 uaedam

57 1301 174 1359 simler,
204 1317 238 1352 ea
258 1296 412 1366 sortaaaie,
440 1297 537 1369 pathas
561 1289 680 1354 Messala
704 1299 857 1348 orationem
879 1312 960 1350 emm
970 1297 1084 1366 finiuit,
1111 1245 1257 1356 isram

57 1381 127 1426 arten
141 1389 220 1425 marre
239 1375 357 1442 incepit:
386 1389 454 1426 ‘amn
467 1387 601 1440 personna
618 1376 744 1422 samaiae
762 1366 842 1438 infra
860 1387 964 1440 quoque
980 1378 1115 1440 apparet,
1144 1373 1192 1425 ubi
1214 1377 1257 1426 ira-

56 1451 101 1516 pu't
114 1453 224 1498 amtor.-
242 1442 407 1512 finierat
424 1442 607 1497 Maternae
624 1448 675 1495 cet.
713 1439 799 1498 Nihil
816 1440 998 1496 intercidisse
1015 1443 1135 1512 putabat
1153 1444 1255 1502 Wolt-

57 1535 166 1582 munus,
198 1533 347 1588 perpauca
369 1531 440 1570 raro
468 1513 610 1569 Sobured.
636 1522 665 1570 et
683 1513 850 1588 Schulting.
876 1521 905 1566 et
922 1511 979 1568 hoc
998 1532 1033 1569 ex
1052 1531 1085 1570 eo
1104 1516 1255 1586 probabile

56 1591 92 1656 it,
108 1590 180 1660 quod
198 1589 317 1643 Messala
334 1589 393 1644 iam
410 1587 495 1658 prius
513 1585 673 1658 abrupisset
691 1585 832 1640 orationis
851 1585 956 1652 telam,
977 1587 1035 1640 nisi
1053 1587 1089 1641 ad
1107 1605 1170 1642 eam
1189 1607 1258 1660 per·

55 1661 183 1716 texendam
202 1659 290 1714 illum
309 1659 455 1716 exhortati
474 1667 568 1714 essent
587 1659 686 1714 amici.
706 1677 734 1712 v.
753 1676 814 1728 cap.
834 1661 871 1716 32
889 1666 961 1712 extr.
981 1670 1011 1714 et
1028 1665 1065 1717 33
1103 1677 1127 1714 r.
1165 1663 1258 1716 Multa

56 1743 130 1788 autem
146 1733 175 1788 b.
196 1733 217 1788 l.
239 1733 414 1800 desiderari,
444 1739 473 1788 et
491 1732 609 1802 quidem
628 1741 758 1788 wama
775 1731 926 1796 Messalae,
947 1731 1064 1808 integra
1081 1677 1208 1788 iocundi
1227 1744 1257 1790 et

56 1809 129 1876 prima
146 1807 271 1861 Materni
291 1805 398 1872 rerba,
431 1805 586 1860 censebant
603 1805 680 1859 Brot.
700 1803 765 1873 Rip.
787 1811 816 1858 et
834 1799 951 1859 schulz.
987 1806 1015 1859 ls
1041 1803 1114 1860 haec
1139 1815 1257 1862 annota-

56 1881 97 1931 rit:
125 1879 235 1946 „initio
259 1895 321 1949 cap.
340 1881 385 1934 42.
405 1877 511 1932 diserte
529 1877 641 1952 legitur
658 1878 786 1932 linierat
803 1875 962 1942 Muternm
994 1884 1023 1930 et
1047 1879 1210 1948 sequentia,
1239 1899 1257 1934 a

56 1971 100 2023 esp.
115 1957 150 2009 36
165 1968 274 2021 usque,
299 1951 425 2006 'Materni
454 1968 528 2014 esse,
558 1967 657 2004 omnes
676 1956 837 2026 agnoscunt
859 1957 979 2019 praeter
1001 1965 1092 2004 unum
1110 1951 1258 2006 Heuman-

57 2043 120 2093 ouru,
150 2026 202 2094 qui
227 2024 375 2078 Messalam
400 2021 495 2078 adhuc
513 2039 638 2096 pergere
656 2021 758 2076 statuit
777 2029 806 2075 et
824 2021 916 2074 multa
934 2030 998 2076 turn
1015 2020 1046 2077 b.
1066 2023 1087 2076 l.
1108 2024 1256 2091 excidisse,

56 2106 100 2149 torn
122 2113 181 2168 cap.
202 2100 248 2152 40.
274 2113 334 2150 non
357 2097 444 2171 longe
470 2114 486 2148 a
510 2095 605 2164 princ.
624 2093 675 2146 ubi
695 2095 795 2151 locum
814 2093 857 2148 sic
876 2093 969 2150 dedit:
1002 2113 1074 2167 quaa
1097 2099 1259 2154 oratoribus

52 2170 110 2238 sesa
131 2170 325 2223 amovebant!
353 2171 367 2202 *
393 2173 407 2204 *
432 2170 446 2202 *
473 2167 531 2222 Noa
558 2169 589 2222 de
616 2172 708 2222 otloasr
725 2195 762 2206 —
779 2166 906 2238 gaona.
942 2167 997 2222 Eat
1022 2187 1130 2240 mnam
1146 2178 1200 2225 eet.
1227 2179 1257 2226 et

55 2241 232 2311 praecedentia
249 2241 337 2296 rerba
355 2240 488 2296 Messalae
507 2257 566 2295 esse
585 2247 684 2310 putat,
719 2239 901 2308 eloquentiae
927 2255 1041 2294 causam
1059 2243 1184 2316 aganus,
1213 2261 1256 2298 se·

56 2315 150 2384 quentia
167 2315 310 2380 Materni,
342 2315 393 2384 qui
419 2320 522 2368 contra
540 2321 669 2368 oratores
688 2327 848 2382 eorumque
866 2319 959 2366 artem
976 2313 1066 2368 verba
1082 2314 1189 2382 iaciat,
1223 2317 1255 2370 id

56 2387 114 2454 quod
138 2405 168 2442 sa
194 2389 343 2440 iacturum
368 2386 454 2440 initio
478 2402 541 2456 cap.
561 2390 605 2440 11.
633 2385 821 2454 promiserit,
849 2385 926 2438 unde
945 2401 970 2438 o.
989 2389 1027 2442 42
1041 2403 1087 2456 pr.
1124 2388 1257 2442 Finierat

55 2459 180 2514 liniemus.
219 2459 307 2512 Plura
324 2475 395 2512 vero
415 2475 440 2511 c.
459 2461 496 2515 35
508 2465 581 2514 extr.
602 2456 784 2510 intercidisse
804 2475 819 2510 e
837 2458 973 2512 Messalae
990 2475 1133 2526 sermone,
1153 2462 1257 2516 ileum.

57 2533 105 2585 inde
121 2531 252 2607 colligit,
280 2530 358 2601 quod
376 2547 401 2584 c.
422 2533 458 2586 27
473 2548 519 2600 pr.
557 2529 675 2584 Messala
700 2529 849 2599 pollicitus
875 2537 955 2596 erat,
985 2548 1016 2585 se
1042 2532 1260 2587 nominaturum

56 2606 162 2680 singulos
180 2603 355 2659 recentioris
371 2604 436 2657 aevi
455 2609 601 2669 oratores,
635 2619 725 2670 quum
750 2609 849 2656 umen
867 2601 899 2654 in
916 2601 971 2668 iis,
1002 2619 1076 2672 quae
1094 2614 1259 2675 supersunt,

56 2677 96 2728 iem
113 2693 195 2732 nemo
215 2693 316 2731 eorum
334 2675 509 2730 nominetur.
547 2676 651 2742 ltaque
666 2673 837 2744 auspicatur,
857 2675 991 2728 Messalas
1008 2676 1171 2730 orationem
1189 2678 1259 2744 line,

33 2785 34 2792 .
57 2750 156 2803 Materni
174 2748 295 2804 exordio
315 2765 431 2815 carere,
456 2755 485 2802 et
501 2755 619 2818 praeter
636 2745 694 2800 alia
713 2745 852 2800 excidisse
870 2747 970 2800 locum
989 2747 1076 2800 illum
1095 2748 1130 2804 ds
1149 2748 1261 2822 hyper-

57 2823 104 2874 bole
120 2831 147 2875 et
163 2818 330 2892 rescietis,
362 2837 449 2890 quem
473 2821 590 2890 plenius
615 2819 647 2872 in
670 2819 746 2874 libro
765 2817 800 2873 de
819 2819 911 2873 causis
929 2834 1005 2873 corr.
1026 2820 1102 2890 eloq.
1122 2839 1183 2878 sese
1202 2831 1260 2876 tra·

56 2901 126 2948 ctaue
142 2895 301 2965 profitetur
320 2891 438 2959 Quintil.
458 2895 490 2956 8,
510 2897 536 2950 3.
574 2891 631 2946 Sed
649 2891 751 2944 falsam
771 2908 831 2946 esse
849 2891 927 2944 banc
946 2892 1134 2962 opinionem,
1158 2895 1259 2950 docui·

56 2985 102 3020 nus
118 2967 148 3019 in
165 2967 280 3041 Proleg.
300 2973 369 3020 sect.
388 2967 414 3020 2.
452 2963 575 3020 Materni
593 2963 671 3020 enim
690 2980 855 3020 sermonem
874 2981 933 3018 esse
952 2981 1014 3036 cap.
1034 2969 1168 3023 36-42.
1188 2985 1260 3023 con·

57 3047 97 3090 sut
111 3047 170 3092 tum
191 3057 228 3094 ex
247 3038 333 3092 initio
353 3055 378 3092 c.
394 3041 446 3103 42,
465 3045 528 3090 tum
548 3053 636 3092 exeo
655 3035 733 3106 quod
750 3035 800 3090 hic
818 3037 1016 3106 quaestionem
1035 3039 1093 3092 iam
1112 3058 1128 3093 a
1148 3057 1210 3112 cap.
1223 3045 1261 3098 33

57 3129 127 3180 usque
144 3113 184 3166 ita
203 3111 293 3165 solvit
312 3127 466 3180 causasque
491 3116 646 3180 corruptae
670 3108 853 3178 eloquentiae
871 3111 912 3162 ita
930 3109 1127 3182 deprompsit,
1155 3121 1188 3167 ut
1207 3115 1259 3169 do·

57 3193 133 3250 reret,
162 3183 358 3252 eloquentiam
376 3200 423 3236 ma
465 3200 511 3236 arn
529 3181 644 3234 facilius
662 3181 786 3234 turbidis
808 3189 837 3235 et
856 3181 994 3251 inquietis
1013 3185 1191 3254 temporibus
1210 3204 1260 3242 ex-

58 3257 149 3323 sistere,
169 3274 257 3326 quam
276 3255 398 3325 quietis:
437 3254 513 3324 quod
531 3254 666 3311 firmatur
683 3253 778 3306 verbis
797 3253 860 3308 eius
880 3271 941 3326 cap.
960 3259 1005 3310 37.
1025 3256 1075 3310 ubi
1094 3257 1156 3326 ipse
1173 3258 1258 3327 dicit,

57 3347 76 3379 n
88 3331 189 3382 subinde
207 3330 368 3389 admonere,
388 3335 422 3380 nt
439 3332 608 3398 quaestionis
626 3329 816 3386 meminerint,
835 3343 925 3394 quum
944 3334 1043 3381 tamen
1061 3329 1093 3382 in
1112 3329 1167 3394 iis,
1187 3347 1261 3400 quae

58 3409 209 3469 supersunt,
241 3417 301 3455 non
319 3410 474 3470 appareat,
505 3417 572 3454 eum
590 3399 648 3451 tale
667 3397 817 3467 quitiam
837 3397 1029 3466 admonuisse)
1055 3401 1162 3454 melius
1187 3419 1259 3457 vero

58 3488 116 3540 esse,
141 3474 291 3528 civitatem
309 3489 379 3544 paee
398 3479 427 3526 et
446 3471 504 3526 otio
523 3471 600 3537 frui,
632 3487 718 3539 quam
737 3469 888 3524 discordiis
906 3473 1058 3525 materiam
1076 3472 1260 3542 eloquentiae

57 3545 260 3600 subministrare.
299 3547 340 3600 Et
357 3543 434 3598 idem
454 3545 512 3598 iam
532 3544 730 3596 demonstrare
748 3542 861 3616 pergit,
890 3549 919 3595 et
938 3543 1058 3596 conficit
1076 3555 1260 3621 argumenta·

59 3619 161 3684 tionem,
189 3635 275 3687 quam
294 3618 446 3686 iis„quae
464 3615 602 3670 hactenus
621 3615 710 3680 dixit,
737 3619 987 3685 praeparaverat.”
1030 3615 1214 3694 Suffragatur
1233 3620 1261 3675 ei

59 3689 133 3745 llberl.
150 3691 199 3744 sed
217 3689 413 3760 probabiliora
432 3697 499 3742 sunt
516 3707 568 3752 ea,
604 3704 677 3758 quae
702 3687 737 3742 tle
755 3685 800 3740 his
819 3687 930 3741 lacunis
950 3695 978 3742 et
996 3688 1032 3744 de
1050 3693 1260 3747 sententiarum

58 3763 114 3816 serie
137 3779 269 3832 nexuque
298 3761 455 3832 disputarit
481 3761 594 3816 Becker
618 3760 650 3812 in
673 3758 806 3814 Seebodii
832 3761 959 3830 Prompt.
988 3761 1096 3832 philol.
1122 3773 1151 3817 et
1175 3767 1258 3836 paed.

59 3835 150 3896 (Arelas
161 3835 220 3904 fiir
238 3835 338 3889 Plrilol.
357 3835 417 3887 und
431 3833 563 3906 Paedag.)
591 3851 614 3886 a.
635 3835 715 3888 1825.
740 3833 770 3885 11
775 3870 786 3897 ,
807 3837 831 3886 1.
850 3849 879 3902 p.
898 3835 1027 3890 72-74.
1052 3835 1102 3888 ubi
1125 3835 1199 3892 baec
1216 3838 1260 3893 le-

59 3917 160 3976 guntur:
192 3908 280 3976 „Nisi
308 3926 356 3973 ea,
389 3923 463 3975 quae
489 3907 559 3960 inde
577 3923 593 3958 a
611 3905 686 3958 med.
707 3921 770 3974 cap.
789 3909 835 3962 33.
864 3921 956 3973 usque
979 3907 1016 3961 ad
1034 3907 1124 3962 finem
1143 3927 1206 3982 cap.
1223 3913 1260 3968 35

59 3977 187 4052 leguntur,
207 3982 355 4043 Messalae,
379 3979 527 4048 sequentia
544 3994 635 4046 usque
653 3977 689 4030 ad
707 3992 769 4047 cap.
788 3981 835 4038 40.
874 3978 994 4032 Secundo
1013 3980 1207 4037 adscribamus
1225 3999 1260 4037 ac

59 4056 106 4104 bun
121 4053 231 4107 demum
248 4053 404 4106 Maternum
428 4051 517 4105 verba
540 4053 635 4104 iacere
659 4057 830 4116 statuamus,
864 4059 1022 4106 extremam
1047 4051 1124 4107 hanc
1148 4055 1260 4130 dialogi

59 4133 149 4190 partem
172 4133 253 4180 recte
276 4123 407 4198 intelligi
435 4139 496 4176 non
522 4140 604 4193 posse
632 4121 818 4174 arbitramur.
869 4125 1001 4196 Magnam
1033 4143 1093 4180 esse
1124 4127 1259 4180 lacunam
1299 4128 1300 4132 ’

61 4211 78 4246 ⁰·
93 4200 121 4252 ³5
132 4206 201 4252 extr.
220 4205 289 4252 ante
307 4198 395 4254 verba
413 4215 470 4248 rem
488 4201 629 4267 cogitare,
658 4193 794 4247 codicum
812 4212 877 4248 mss.
898 4203 927 4249 et
946 4197 1077 4252 omnium
1095 4200 1157 4254 fere
1176 4199 1258 4254 editt.

62 4279 263 4334 mesenensem,
293 4270 416 4324 alteram
440 4284 511 4323 vero
536 4269 618 4322 illem
637 4266 771 4322 lacunam
790 4267 896 4336 capitis
914 4270 958 4322 40.
979 4278 1046 4323 ante
1064 4271 1164 4324 verba:
1193 4269 1258 4326 Nora

60 4337 82 4390 ie
97 4348 174 4399 etna
191 4351 218 4397 st
235 4349 330 4416 quieta
352 4363 382 4398 re
405 4344 544 4414 loquimur
567 4339 645 4396 solus
669 4339 857 4394 Heumannus
882 4339 975 4408 vidit,
991 4359 1060 4406 ,uec
1084 4343 1258 4414 posteriores
