2770 4792
183 205 243 268 182
536 189 712 254 nlnnnffl
733 189 791 254 DE
812 187 1047 254 Gauranum

182 369 298 420 enniana
316 379 333 414 a
350 356 486 412 Romanis
510 371 593 432 reges
612 356 860 408 Mmoomsnomm
883 363 913 410 et
930 353 1111 422 Quadorum,
1143 371 1192 408 nee
1213 362 1295 412 umen
1319 359 1371 416 idos

72 435 73 443 ’
181 442 274 492 minus
291 432 432 492 solebant,
455 445 494 482 ao
517 429 544 482 si
569 425 648 482 nihil
671 426 820 481 tulissent=
846 443 906 482 non
926 427 1005 482 enim
1022 434 1161 496 tanquam
1179 431 1348 500 pauperiores

181 509 324 564 divitibus
342 501 538 575 accipiebant,
566 500 616 554 sed
640 500 767 554 victores
792 518 809 553 a
831 501 919 554 victis
946 515 1017 569 repo
1063 499 1141 552 bant.
1184 499 1294 556 Pudebat
1317 441 1372 576 reri

182 583 313 653 equitem
339 577 499 632 Romanum
524 580 622 644 aperte
646 571 795 637 confiteri,
820 580 939 647 gentem
958 589 1037 626 suam
1074 572 1185 626 arbaris
1203 573 1298 627 tributa
1315 577 1372 644 paul

181 655 250 709 dere
267 657 396 709 eoseum
415 664 491 714 esso,
520 645 599 716 quod
623 644 742 699 silentio
769 645 933 714 praeterire
955 661 1015 698 non
1033 643 1138 698 lioelsst
1154 644 1296 700 historico.
1331 645 1372 716 lio}

180 741 279 780 manos
298 740 358 780 uon
376 721 470 776 solnm
489 717 649 784 Decebalo,
668 717 814 770 Dacorum
834 719 914 793 regi,
942 717 992 770 sed
1009 717 1095 770 soriis
1114 733 1225 788 qnoque
1241 717 1329 774 Decor
1370 727 1372 746 ⁴

180 795 374 852 Marcomanis
393 792 570 861 Quadisque,
607 789 775 844 tributarios
794 789 881 844 fruiae
900 789 949 844 sub
967 789 1150 856 Domitiano,
1176 789 1229 842 hm
1247 807 1301 845 uon
1319 793 1369 847 re'

182 879 229 924 oet
248 871 305 924 Dio
324 867 400 922 Gaas.
419 868 470 930 67,
489 867 515 920 7.
535 869 565 917 et
581 865 635 928 88,
654 865 680 918 9.
716 861 759 916 Gi.
780 860 907 938 ngern.
926 879 955 932 p.
976 863 1036 930 1⁰5.
1057 864 1124 928 (155
1139 879 1196 930 seq.
1214 865 1269 919 355.
1285 865 1369 922 edu

180 943 246 997 line
273 955 388 1012 quoque
415 935 568 992 referenda
591 933 747 999 videntur,
778 951 852 1004 quae
870 935 946 988 dixit
963 941 1062 988 noster
1087 937 1312 1004 oap.15.extr.'’
1345 937 1373 1002 cl

180 1015 218 1068 ad
236 1032 298 1086 cap.
318 1017 410 1070 seru.
431 1011 475 1066 12Ἢ
513 1005 614 1061 Malim
633 1014 729 1060 tamen
748 1007 911 1077 explicare:
931 1025 979 1061 nso
995 1011 1088 1068 missus
1105 1009 1197 1060 uolent
1214 1025 1307 1084 reges,
1326 1007 1373 1080 qui

180 1091 290 1159 saepius
305 1087 427 1156 pecunia
444 1085 596 1142 emantur,
615 1095 702 1148 quam
720 1083 808 1132 mia
826 1082 951 1144 normias
984 1097 1050 1132 nam
1068 1081 1193 1150 pecunia
1209 1097 1374 1152 eorrumpuu

180 1167 246 1226 tur,
279 1159 332 1228 qui
358 1157 394 1210 iis
419 1157 526 1208 favent.
572 1151 643 1206 huoi
667 1167 738 1205 vero
762 1152 864 1206 Diouis
887 1152 923 1206 ad
948 1151 1042 1206 solum
1064 1151 1234 1206 Decebalum
1257 1159 1374 1224 spectant

181 1249 236 1286 nee
253 1231 401 1302 posterior
424 1227 460 1281 ad
482 1225 632 1278 tribunum.
679 1223 800 1295 Aptior,
834 1225 883 1279 sed
908 1224 1026 1290 durior,
1059 1223 1203 1278 medicina
1225 1225 1374 1280 Inllemt

179 1303 323 1370 Blaterii,
352 1301 404 1372 qui
427 1317 475 1354 nes
501 1295 655 1352 delendum
677 1296 830 1366 putabant:
860 1296 956 1351 Minus
978 1299 1072 1349 ooknt
1094 1303 1170 1349 reem
1186 1297 1322 1370 Marsigni·
1340 1305 1374 1352 cal

101 1355 109 1382 ¹
181 1376 216 1430 In
236 1375 291 1432 MS.
313 1375 383 1429 Tur.
404 1371 528 1448 legitur:
548 1388 597 1424 raso
613 1385 713 1424 munus
729 1371 816 1430 mist,
833 1371 919 1423 Retro
936 1367 1084 1440 Marsigni
1101 1375 1156 1422 oet.

624 1547 818 1604 CAPUT
861 1545 962 1599 XLIII.

265 1659 368 1724 Retro
389 1658 578 1741 Marsigni,
600 1654 758 1732 Gemini,
782 1653 851 1733 Osi,
873 1655 975 1717 Buris
998 1664 1093 1738 terga
1113 1651 1375 1721 Maroomanorus

181 1735 443 1820 Quadorumque
471 1735 640 1799 claudunt.
690 1735 716 1796 E
789 1735 863 1796 ibus
892 1733 1057 1834 Marsigni
1085 1745 1119 1798 et
1144 1737 1226 1800 Buri
1253 1751 1376 1804 serment

181 1821 340 1904 cultuque
368 1819 496 1883 Suevos
527 1811 689 1880 reseruati
769 1818 900 1880 othinos
928 1816 1070 1896 Gallica,
1106 1817 1189 1880 Osos
1218 1820 1376 1886 Pannonis

181 1903 297 1988 ling-ua
318 1921 397 1965 coar
443 1906 487 1980 it,
506 1920 577 1964 nou
599 1921 669 1963 esse
691 1899 890 1982 Germanos,
913 1911 947 1964 et
967 1899 1056 1984 quod
1076 1903 1202 1964 tributa
1221 1908 1376 1986 patiuntul

181 1985 313 2048 Partem
346 1987 393 2047 tri
415 1994 552 2048 ntorum
583 1981 769 2064 Sarmatae,
801 1993 930 2067 partem
968 1981 1096 2066 Quadi,
1134 1996 1173 2047 ut
1201 1987 1305 2048 alieni
1342 1993 1374 2052 ni

181 2070 368 2151 imponunt.
419 2066 575 2145 Guthini,
609 2087 675 2149 quo
704 2069 808 2153 magis
836 2065 977 2148 pudeat,
1010 2074 1044 2128 et
1073 2071 1201 2130 terrum
1234 2011 1377 2136 effugiens

183 2149 370 2234 Omnesque
392 2151 427 2212 hi
447 2152 564 2232 populi
584 2169 691 2233 pauca
711 2153 966 2232 campestrium,
988 2157 1135 2212 ueterum
1154 2153 1255 2215 saltus
1276 2163 1313 2216 et
1331 2177 1377 2220 vel

182 2235 263 2295 tices
291 2235 455 2296 montium
485 2235 667 2320 iugumque
695 2232 901 2296 insederunt.
952 2233 1092 2295 Dirimit
1112 2237 1200 2296 euim
1222 2237 1377 2322 scinditqu

183 2313 342 2379 SuevIam
365 2319 560 2401 continuum
581 2316 742 2378 montium
763 2309 899 2400 iugum}
928 2317 1015 2378 ultra
1037 2315 1126 2398 quod
1146 2320 1313 2402 plurimae
1335 2343 1377 2408 gel

183 2409 234 2462 tes
262 2409 382 2499 agunt3
426 2419 466 2463 ex
495 2399 614 2482 quibus
636 2399 794 2461 latissime
814 2407 906 2482 patet
925 2399 1110 2486 Lygiorum
1131 2421 1249 2464 nomen
1278 2406 1317 2465 in
1340 2409 1378 2488 pl

144 2535 155 2543 .
183 2501 238 2545 res
260 2485 412 2548 cavitates
433 2481 601 2544 diffusum.
645 2483 896 2564 valentissimas
916 2483 1100 2546 nominasse
1121 2485 1275 2565 sufficiet,
1299 2489 1378 2550 Ario

91 2629 94 2636 ,
183 2565 412 2646 Helveoonas,
434 2565 621 2644 Mammea,
643 2564 793 2646 Elysios,
816 2563 1035 2630 Naharualos.
1080 2565 1180 2649 Apud
1200 2567 1378 2636 Naharval

185 2651 341 2732 uastiquae
362 2652 532 2738 religionis
563 2649 657 2712 lucus
687 2647 886 2712 ostenditur.
928 2647 1099 2714 Praesidet
1120 2649 1273 2714 sacerdos
1296 2659 1378 2718 muli

184 2733 238 2794 bri
267 2743 408 2810 ornatu3
439 2731 499 2796 sed
530 2730 608 2794 deos
636 2734 913 2814 interpretatione
944 2731 1090 2794 Romana
1112 2730 1285 2796 Castorem
1308 2736 1377 2800 Poll

185 2835 322 2898 cemque
342 2825 536 2878 memorant.
580 2813 626 2875 Ea
646 2817 699 2876 vis
721 2817 870 2876 numini:
901 2833 1020 2879 nomen
1043 2816 1142 2876 Alam.
1185 2817 1290 2880 Nulla
1314 2825 1377 2882 sim

185 2900 294 2978 laora,
324 2901 451 2961 nullum
480 2899 677 2983 peregrinae
705 2899 951 2980 superstitionis
982 2899 1178 2984 vestigium:
1216 2909 1259 2962 ut
1292 2905 1378 2968 fratr

185 2990 306 3060 tamen,
328 2991 367 3044 ut
387 2983 524 3044 iuvenes
546 2987 758 3044 venerantur.
798 2977 958 3044 'Ceterum
979 2979 1066 3062 Arii,
1089 3001 1191 3064 super
1211 2986 1324 3065 vires,
1349 3011 1378 3068 qr

185 3065 248 3126 bus
269 3073 477 3127 enumeratos
499 3064 599 3147 paulo
620 3073 698 3126 ante
722 3065 860 3147 populos
883 3063 1101 3145 antecedunt,
1134 3072 1272 3146 truces,
1298 3072 1378 3132 insit

187 3147 314 3210 feritati
334 3156 407 3210 arte
428 3167 467 3210 ac
486 3157 636 3229 tempore
656 3147 897 3210 lenocinentur.
940 3145 1048 3232 Nigra
1068 3157 1182 3228 souta,
1212 3153 1329 3214 tincta
1350 3174 1378 3214 cs

186 3249 288 3314 puras
316 3240 406 3293 atras
436 3229 480 3292 ad
506 3232 632 3314 proelia
659 3241 773 3294 noctes
801 3231 915 3330 legunt
940 3233 1077 3314 ipsaque
1106 3230 1292 3297 formidine
1325 3247 1378 3320 atq

186 3313 307 3377 umbra
326 3315 438 3376 feralis
458 3317 624 3378 exereitus
645 3324 812 3376 terrorem
832 3315 1002 3394 inferunt,
1033 3315 1123 3376 nullo
1145 3315 1300 3379 hostium
1324 3341 1378 3383 sus

187 3406 285 3460 nente
306 3416 432 3459 novum
452 3415 491 3459 ec
510 3398 605 3460 velut
624 3399 793 3459 infernum
815 3405 1002 3481 aspectum:
1029 3417 1106 3460 nam
1127 3400 1229 3482 primi
1252 3404 1294 3463 in
1319 3423 1378 3466 om

185 3481 248 3544 bus
293 3482 404 3544 rueliis
426 3481 514 3543 oculi
534 3483 725 3545 vincuntur.

269 3501 378 3627 g'rans
409 3563 462 3646 Ly
484 3566 533 3626 ios
562 3563 729 3628 Gethones
756 3570 959 3650 regnantur,
999 3565 1097 3650 paulo
1128 3567 1194 3626 iam
1224 3565 1378 3633 adducti

187 3667 287 3730 quam
309 3657 437 3712 ceterae
459 3587 701 3711 &armariorum
721 3657 854 3732 gentes,
883 3643 1031 3709 nondum
1056 3659 1168 3712 minen
1189 3671 1305 3734 supra
1329 3655 1378 3716 lit

187 3739 299 3794 tatem.
341 3731 505 3795 Protenue
526 3730 645 3794 deinde
665 3732 707 3794 ab
730 3729 861 3794 Oceano
878 3729 979 3817 Rugii
1000 3739 1033 3795 et
1052 3733 1223 3796 Lemovii:
1254 3741 1378 3800 omniu

188 3835 253 3898 que
273 3815 393 3876 harum
414 3817 564 3900 gentium
584 3817 713 3900 insigne
732 3815 878 3879 rotunda
892 3821 997 3894 senta,
1018 3815 1136 3880 breves
1156 3815 1263 3903 gladii
1290 3831 1330 3883 et
1356 3843 1378 3884 e

188 3917 283 3986 reges
303 3897 507 3980 obsequium.

261 4040 286 4089 1.
322 4035 409 4087 Retro
426 4032 587 4104 Marsigni,
616 4032 751 4097 Gotiini,
772 4035 838 4098 Ost,
855 4035 930 4090 Basra·
947 4053 986 4090 sc.
1007 4041 1113 4110 agauni,
1139 4034 1302 4104 habitant,
1332 4055 1376 4092 or

189 4118 248 4164 tem
267 4124 381 4174 versus,
411 4107 442 4158 in
460 4109 599 4160 extremis
618 4106 794 4162 Germaniae
811 4108 935 4176 finibus,
961 4108 1001 4161 ita
1019 4115 1053 4160 ut
1071 4116 1155 4180 tergo
1171 4107 1378 4164 dim-enmono

189 4180 328 4257 Marsigni
353 4186 382 4234 et
400 4177 539 4245 Gotluini,
579 4181 736 4248 Quadorum
759 4179 807 4234 Osi
831 4191 861 4236 et
883 4181 955 4234 Buri
981 4181 1133 4246 claudant,
1159 4183 1211 4242 (oi.
1233 4182 1276 4236 ad
1300 4201 1378 4254 cap.

189 4272 217 4308 n.
238 4255 276 4326 1.)
295 4253 331 4307 ad
348 4251 490 4306 Viadrunu
509 4259 538 4306 et
556 4253 717 4318 vistulam,
747 4253 777 4305 in
828 4253 948 4330 ’ganteis
977 4253 1101 4324 aliisque
1125 4253 1252 4309 silesiae
1283 4264 1318 4310 et
1345 4257 1378 4308 n

188 4327 263 4383 auiae
281 4325 446 4390 montibus,
482 4325 557 4379 unde
573 4333 664 4384 ‘mona
694 4343 787 4380 omnes
835 4331 847 4380 r·
870 4328 970 4398 populi
986 4329 1120 4382 saltus-
1134 4329 1310 4383 insederunt
1322 4367 1333 4392 ,
1371 4347 1378 4380 s
