2904 4802
193 255 256 316 111
499 243 723 312 nmnocus
744 245 804 310 nn
825 199 1112 308 unicornuus

196 418 341 489 languoris
359 412 477 468 Schule.
506 417 565 467 nisi
574 411 656 482 sorte
672 441 709 453 -
727 413 811 466 libros
829 413 928 482 legerit
946 408 987 462 id.
1006 405 1124 462 schulz.
1162 409 1296 478 „Nempe
1319 415 1349 461 ut
1378 424 1429 460 sa·

16 475 17 542 J
117 497 120 502 '
196 491 343 543 tisiaceret
370 487 480 562 regulis
506 485 718 574 grammaticis:
750 503 818 536 nam
843 482 921 554 quod
946 481 1088 535 Goerene.
1113 481 1150 536 ad
1169 481 1230 534 Cic.
1251 481 1300 534 fin.
1320 487 1353 546 1,
1376 483 1427 546 17,

196 565 240 619 56.
259 577 315 633 pro
334 568 415 614 certo
434 567 553 625 statuit,
586 559 653 630 post
669 561 696 614 a'i
706 557 801 628 ferte,
828 557 854 610 si
873 555 997 608 iunctim
1016 553 1197 616 scribantur,
1227 562 1257 607 et
1274 558 1331 608 nisi
1341 554 1432 624 forte

198 651 258 688 non
276 632 334 686 nisi
353 633 549 686 lndicativum
568 631 665 700 sequi,
693 632 725 684 id
744 638 861 685 eatenus
879 645 984 682 verum
1006 634 1065 692 est,
1089 635 1230 696 quatenus
1250 627 1284 680 da
1302 644 1334 680 re
1351 643 1430 680 vere

197 709 273 760 facta
290 705 405 780 agitur,
444 705 478 757 in
502 723 535 758 re
554 705 634 758 enim
652 704 720 759 ficta
738 703 906 758 admittitur
924 699 1154 766 Coniunctivus,
1182 707 1216 753 ut
1234 715 1278 770 ap.
1299 699 1429 766 Quintil.

198 782 250 844 12,
268 782 303 842 2,
321 781 348 834 2.
386 786 415 831 11
434 777 495 831 Cic.
516 777 553 830 ad
570 777 629 830 Att.
650 782 703 846 10,
723 779 749 831 8.
787 793 815 827 v.
845 771 1010 828 Gernhard.
1034 773 1070 826 ad
1089 772 1152 826 cic.
1172 773 1208 827 de
1228 790 1287 826 sen.
1308 778 1354 840 10,
1378 777 1429 828 33.

199 851 283 906 etde
302 851 387 904 amic.
408 855 461 917 13,
481 850 546 907 lb?
568 851 671 903 Osann.
710 849 793 903 (loni.
814 847 851 900 ad
868 846 938 921 Agr.
958 847 1002 901 32
1024 863 1054 899 ιι.
1073 847 1099 900 2.
1122 874 1155 888 -
1195 849 1254 900 nisi
1278 850 1338 916 qui.-
1366 843 1433 898 hoc

197 929 248 996 qui
273 939 375 994 propr.
403 923 534 988 dictum,
567 922 593 976 si
618 930 701 976 antea
727 919 834 997 legeris
863 937 912 973 nec
932 915 1025 987 ferme
1049 917 1099 972 rel
1120 916 1184 987 sere
1202 921 1367 990 quisquam,
1403 918 1431 969 si

198 1012 268 1050 vero
288 999 348 1050 nisi
357 993 439 1064 forte
462 1001 621 1067 quisquam,
654 995 782 1065 positum
812 999 854 1046 est
875 1007 931 1062 pro
961 995 1031 1062 quis.
1066 1009 1094 1044 v.
1125 991 1162 1044 11
1185 1009 1210 1045 1.
1230 996 1274 1048 36.
1294 1009 1321 1044 ιι.
1341 995 1368 1046 5.
1392 1020 1433 1030 -

198 1071 329 1123 Fecenmt
346 1073 420 1122 enim
438 1076 465 1120 et
483 1072 627 1132 carmina,
654 1084 693 1121 so.
714 1067 819 1120 Caesar
838 1073 868 1118 et
884 1065 999 1117 Brutus.
1037 1063 1080 1116 De
1100 1063 1182 1116 illius
1201 1064 1379 1118 carminibus
1401 1082 1431 1114 v.

198 1143 272 1195 Plin.
294 1146 339 1208 19,
358 1145 384 1196 8.
404 1140 482 1194 Suet.
503 1141 581 1196 Caes.
602 1143 646 1196 56.
674 1148 702 1193 11
726 1140 781 1192 vit.
809 1138 927 1192 Terent.
956 1153 1010 1189 nec
1034 1151 1094 1189 non
1121 1134 1224 1191 Ascon.
1251 1137 1365 1190 Pedian.
1401 1137 1435 1187 in

198 1215 261 1268 Cic.
281 1231 324 1267 or.
343 1231 372 1284 p.
392 1213 517 1278 Scauro;
555 1213 590 1267 de
614 1211 700 1266 huius
718 1211 792 1264 Plin.
813 1227 857 1280 ep.
877 1211 912 1275 5,
931 1213 958 1264 3.
984 1207 1054 1262 Stat.
1076 1207 1148 1263 silv.
1167 1213 1204 1277 9,
1223 1213 1268 1266 10.
1288 1209 1368 1264 ovid.
1394 1227 1435 1262 ex

197 1289 287 1341 Ponto
308 1292 338 1352 1,
359 1292 390 1354 1,
409 1289 453 1343 21.
473 1286 571 1356 ibique
589 1287 683 1356 intpp.
703 1313 740 1324 -
765 1292 792 1336 et
810 1289 841 1337 in
860 1280 1039 1336 bibliothecas
1057 1285 1207 1336 retulerunt
1225 1287 1366 1345 carmina,
1390 1283 1433 1333 ci.

185 1363 323 1430 011137.
352 1359 537 1413 Bibliothecae
554 1359 764 1424 Rornanorum,
790 1373 864 1426 quae
883 1372 946 1425 cap.
968 1359 1012 1410 37.
1045 1360 1225 1427 antiquorum
1248 1355 1435 1409 bibliothecae

199 1432 336 1484 dicuntur
355 1439 384 1485 et
403 1431 555 1486 doctorum
573 1429 730 1484 hominum
749 1429 813 1482 usui
831 1427 985 1499 patebant,
1005 1435 1069 1480 mm
1087 1429 1219 1499 privatae
1239 1437 1339 1494 erant,
1359 1435 1435 1480 tum

197 1504 350 1574 publicae,
385 1511 413 1558 et
432 1504 503 1558 illae
522 1504 556 1556 ab
574 1503 702 1557 Aemilio
720 1501 828 1569 Paulo,
863 1501 896 1554 L.
916 1499 1042 1554 Lucullo
1062 1507 1091 1554 et
1110 1501 1213 1554 deinde
1232 1501 1296 1554 eliis
1315 1509 1375 1554 tam
1399 1501 1435 1551 in

198 1576 293 1643 Urbe,
312 1593 399 1644 quam
418 1577 450 1628 in
466 1576 564 1642 villis,
583 1575 637 1630 hae
656 1591 727 1628 vero
746 1574 854 1627 Romae
874 1581 902 1626 et
921 1573 954 1625 in
973 1573 1096 1626 coloniis
1115 1574 1346 1644 municipiisque
1365 1573 1435 1625 Its-

198 1649 255 1702 liae
280 1651 411 1718 primum
439 1649 473 1702 ab
497 1639 597 1702 Asinio
621 1648 756 1701 Pollione
784 1654 813 1700 et
830 1644 960 1720 Augusto
980 1645 1167 1712 constitutae;
1201 1645 1235 1698 ab
1258 1645 1315 1698 hoc
1340 1645 1435 1710 duae,

198 1721 341 1788 Palatina,
363 1721 411 1774 cui
432 1721 462 1774 G.
484 1722 577 1775 lulius
596 1721 747 1795 Hyginus,
776 1727 805 1773 et
824 1718 944 1772 Octavia
963 1717 994 1770 in
1014 1718 1146 1772 Octaviae
1164 1717 1298 1788 porticu,
1325 1719 1373 1770 cui
1398 1717 1435 1770 C.

198 1793 329 1847 Melissus
347 1794 492 1864 praefuit,
521 1812 591 1864 quas
610 1793 748 1847 incendio
767 1792 930 1860 absumptas
949 1790 1131 1844 Domitianus
1151 1791 1323 1862 reparandas
1342 1807 1435 1842 cura-

198 1865 251 1919 vit.
289 1865 448 1920 Notissima
466 1865 539 1920 haec
558 1884 593 1920 ex
609 1866 711 1920 Isidor.
732 1866 808 1940 orig.
830 1865 850 1917 L
871 1865 934 1916 Vll.
962 1880 1022 1932 cap.
1051 1861 1086 1917 de
1109 1862 1244 1918 biblioth.
1270 1864 1345 1916 Plut.
1372 1863 1435 1914 vit.

198 1937 337 2003 Luculli,
368 1939 441 1992 Plin.
471 1957 515 2010 ep.
542 1944 578 2002 1,
606 1942 633 1995 6.
658 1943 701 1995 13.
730 1943 765 2005 3,
789 1943 817 1994 7.
842 1940 877 2001 l,
902 1939 947 1992 28.
967 1941 1000 1997 7,
1017 1939 1063 1992 25.
1095 1935 1358 2000 Plin.ll.N.35,
1381 1941 1435 1990 11.

197 2009 275 2064 Suet.
297 2011 329 2062 in
348 2011 426 2064 Gaea.
445 2015 489 2066 ll.
511 2012 543 2064 in
561 2011 635 2086 Aug.
655 2014 699 2068 29.
720 2009 752 2062 in
769 2010 832 2063 Tib.
854 2013 899 2065 rt.
919 2009 953 2060 in
971 2008 1082 2062 Durnit.
1103 2011 1147 2065 20.
1168 2017 1197 2062 11
1216 2009 1251 2062 11
1269 2026 1363 2085 gram.
1379 2011 1435 2064 20.

196 2083 240 2138 21.
279 2081 322 2136 cf.
344 2077 476 2153 Lipsius,
514 2083 647 2136 Maderus
675 2091 704 2138 et
728 2083 754 2136 J.
773 2081 865 2135 Andr.
885 2080 1016 2136 Schmid.
1037 2081 1072 2135 de
1091 2080 1287 2145 bibliothecis,
1322 2081 1435 2134 Pitisci

197 2153 254 2207 lex.
285 2162 343 2207 ent.
369 2155 453 2210 Rom.
481 2155 515 2209 T.
536 2155 559 2210 1.
583 2173 612 2226 p.
635 2158 699 2213 276.
725 2163 754 2210 11
781 2154 895 2207 Fabric.
921 2153 1057 2228 bibliogr.
1083 2155 1174 2223 antiq.
1196 2171 1219 2206 c.
1238 2157 1283 2209 21.
1322 2155 1359 2206 ln
1380 2153 1435 2206 his

196 2241 268 2280 vero
286 2225 470 2280 bibliothecis
488 2235 552 2280 tum
571 2227 643 2280 libri
661 2228 731 2282 novi
749 2235 778 2282 et
796 2227 916 2282 recitari
936 2235 964 2280 et
982 2226 1107 2292 serrari,
1138 2234 1201 2279 tum
1230 2225 1370 2302 imagines
1404 2235 1435 2279 et

196 2305 306 2352 statuae
324 2306 475 2353 auctorum
494 2301 624 2354 dedicari
642 2300 773 2354 solebant
790 2299 943 2370 praeclaro
969 2299 1103 2352 instituto
1132 2306 1161 2352 et
1178 2316 1294 2368 semper
1310 2301 1435 2352 virenti

196 2369 304 2424 hedera
323 2370 373 2425 vel
390 2372 475 2426 lauro
494 2373 639 2427 coronari.
678 2373 718 2424 lii
748 2373 847 2442 itaque
875 2371 1049 2441 cupiebant,
1085 2371 1174 2426 libros
1193 2388 1258 2425 suos
1277 2377 1308 2425 in
1327 2371 1435 2424 biblis

197 2443 289 2498 thecue
307 2443 421 2513 referri,
452 2454 486 2498 ut
509 2446 610 2498 multis
629 2446 846 2499 innotescerent
865 2443 978 2518 ingenii
997 2443 1042 2497 sui
1060 2445 1135 2498 fetus
1155 2447 1276 2497 etfama
1296 2445 1435 2498 nominis

148 2515 152 2522 ’
197 2524 350 2570 cresceret.
388 2525 414 2569 et
440 2521 473 2572 in
497 2518 673 2573 bibliothecas
701 2535 760 2572 ec.
780 2517 867 2570 Farn.
886 2515 976 2570 tacite
995 2515 1077 2570 dedit
1094 2517 1219 2586 lipsius.
1248 2517 1379 2570 1111.
1404 2523 1435 2572 1.

197 2605 225 2640 ιι.
244 2593 271 2644 3.
309 2589 421 2660 Copula
447 2591 551 2645 omissa
577 2592 609 2644 in
627 2591 690 2645 edd.
711 2599 768 2644 vet.
788 2619 824 2630 -
859 2607 915 2644 non
938 2591 1038 2643 melius
1064 2607 1147 2660 quom
1176 2591 1269 2644 Cicero
1291 2591 1435 2644 iecerunt

197 2660 337 2714 carmina.
356 2681 384 2715 v.
406 2662 441 2715 11
462 2681 525 2734 cap.
546 2667 589 2720 12.
610 2682 639 2717 n.
658 2667 684 2718 6.
723 2671 751 2716 11
761 2661 880 2731 felicius
899 2661 943 2717 ed.
962 2679 1009 2731 pr.

268 2737 294 2788 7.
331 2734 450 2789 Asinius
467 2753 584 2807 quoque,
612 2735 787 2790 1.11Αιιιι.
808 2739 910 2802 1,12,
930 2736 957 2788 2.
977 2763 1013 2777 -
1045 2737 1221 2804 propioribus
1247 2735 1435 2805 temporibus,

196 2821 270 2874 quae
288 2807 428 2877 propiora
445 2817 514 2860 sunt
532 2809 649 2863 nostris.
687 2808 730 2862 Gt.
753 2825 814 2878 cap.
834 2811 877 2864 17.
899 2814 973 2861 extr.
1003 2809 1197 2878 proprioribus
1219 2809 1281 2860 Put.
1308 2816 1338 2861 et
1357 2807 1435 2862 Riv.

196 2905 233 2918 -
255 2879 363 2932 uidetur
385 2879 457 2934 mihi
474 2885 549 2934 inter
564 2881 706 2940 Menenios
725 2889 751 2934 et
766 2883 875 2951 Appios
892 2881 1040 2941 studuisse,
1067 2879 1096 2934 h.
1118 2897 1142 2934 e.
1163 2897 1264 2934 eorum
1282 2883 1435 2950 tempori-

196 2950 257 3003 bus.
295 2951 1046 3022 0111111111.111111Ρ.18.ιι.2.111.
1088 2953 1139 3008 Sic
1164 2961 1193 3006 et
1216 2951 1250 3006 ab
1275 2952 1344 3006 aliis
1368 2953 1435 3006 iem

197 3021 306 3074 laudati
332 3023 454 3089 Quintil.
475 3030 525 3092 10,
546 3030 659 3090 1,113.
705 3025 797 3077 Multo
820 3031 851 3081 in
874 3029 977 3080 Asinio
1001 3025 1123 3080 Pollione
1146 3029 1283 3086 inventio,
1314 3044 1435 3080 summe

196 3095 362 3164 diligentia,
392 3097 460 3148 adeo
487 3106 520 3150 ut
546 3098 709 3170 quibusdum
727 3105 811 3152 etiam
829 3104 919 3154 nimia
936 3100 1078 3160 uidemur,
1112 3107 1140 3152 et
1157 3101 1270 3152 consilii
1287 3107 1315 3150 et
1333 3099 1435 3151 ursioni

196 3171 277 3221 satis.
313 3169 341 3220 A
358 3172 450 3222 nitore
467 3179 494 3223 et
512 3171 682 3224 iueroeditote
700 3171 838 3226 Ciceronis
862 3177 906 3224 itu
924 3175 1005 3242 longe
1032 3173 1125 3233 abest,
1162 3180 1195 3224 ut
1220 3173 1310 3224 uideri
1333 3177 1435 3241 possit

195 3241 303 3295 saeculo
320 3245 418 3310 prior,·
437 3249 466 3295 11
484 3242 551 3298 Seu.
572 3261 616 3314 ep.
637 3247 698 3298 114.
735 3243 821 3314 lliulti
837 3263 869 3298 es
887 3247 978 3298 alieno
996 3247 1103 3298 saeculo
1117 3251 1218 3314 petunt
1237 3244 1338 3298 uerbo.-
1357 3245 1435 3297 duo-

197 3314 284 3366 decim
301 3314 410 3368 tubulas
428 3317 595 3386 loquuntur:
628 3315 764 3370 Gracchus
789 3320 849 3370 illis
874 3326 900 3371 et
920 3321 1034 3371 Crucem
1058 3327 1083 3370 et
1108 3319 1191 3370 Curio
1209 3322 1294 3372 nimis
1311 3320 1386 3371 culti
1407 3327 1435 3370 et

197 3393 318 3439 recentes
334 3395 417 3442 erent:
448 3389 485 3441 nd
508 3392 632 3458 Appium
657 3407 739 3460 usque
762 3397 789 3441 et
806 3391 845 3442 od
862 3393 1064 3444 Coruncanium
1082 3392 1259 3444 1111111111-
1286 3391 1435 3445 studuisse

196 3457 325 3513 absolute
343 3459 484 3529 positum,
520 3477 579 3530 quo
604 3478 688 3515 sensu
716 3461 841 3516 dicimus
865 3463 1004 3523 studiren,
1030 3467 1328 3534 ’11111113231
1350 3464 1435 3518 Plin.

197 3549 242 3600 ep.
262 3536 295 3597 1,
314 3533 341 3588 6.
360 3536 397 3599 3,
416 3534 443 3588 5.
463 3541 492 3587 11
509 3535 586 3604 apud
604 3535 695 3600 alios,
723 3534 826 3589 Schulz.
864 3535 908 3589 Gi.
928 3534 1025 3606 Spald.
1045 3535 1081 3588 11
1101 3535 1219 3603 Quintil.
1238 3538 1273 3603 2,
1293 3538 1327 3603 2,
1349 3540 1378 3592 7.
1403 3543 1435 3591 11

196 3601 355 3657 Frotscher
373 3605 408 3658 ad
426 3605 545 3672 Quintil.
565 3609 601 3662 10
607 3645 616 3670 ,
634 3611 667 3674 7,
685 3610 730 3667 26
750 3637 786 3648 -
822 3607 968 3662 Pacuuium
986 3618 1013 3662 et
1029 3610 1158 3671 Attium,
1177 3627 1204 3662 r.
1225 3609 1262 3662 ad
1280 3625 1307 3662 c.
1327 3611 1375 3664 20.
1401 3627 1435 3664 n.

197 3679 223 3730 t.
243 3705 280 3716 -
304 3683 452 3746 repressit,
471 3679 601 3746 imitatus
621 3687 677 3746 est,
698 3689 731 3732 ut
749 3685 897 3750 exprimere
913 3685 1000 3735 uitem
1019 3689 1046 3734 et
1064 3682 1285 3736 consuetudinem
1304 3684 1435 3736 alicuius

199 3747 258 3802 cic.
279 3747 347 3802 Ruh.
366 3751 439 3804 Post.
459 3753 486 3807 2
513 3759 542 3806 et
568 3753 708 3805 bominem
731 3759 861 3823 espresslt
885 3754 963 3808 Plato
989 3755 1050 3809 cic.
1072 3755 1108 3809 de
1126 3755 1176 3807 fin.
1196 3757 1230 3822 5,
1248 3757 1295 3812 29.
1334 3755 1435 3807 tileta-

150 3836 151 3839 *
198 3817 291 3889 phora
308 3820 427 3875 videtur
444 3823 537 3895 petita
553 3824 655 3889 abiis,
693 3826 744 3894 qui
764 3826 904 3902 imagines
922 3843 989 3881 cera
1007 3843 1136 3901 gypsove
1155 3826 1320 3903 effingunt:
1347 3825 1435 3880 unde

198 3899 228 3945 et
246 3909 316 3946 mox
334 3901 482 3962 exprimere
505 3899 644 3950 loetdiom
666 3901 836 3970 nitoremque
858 3908 1012 3969 temporum
1039 3907 1068 3953 11
1087 3917 1149 3970 cap.
1168 3903 1205 3956 23
1221 3909 1293 3954 extr.
1333 3903 1435 3968 estpri-

196 3983 268 4018 mere
284 3961 401 4032 affectus
418 3968 560 4022 oratione.
598 3969 641 4023 Gi.
666 3969 702 4022 11
726 3971 762 4024 G.
783 3975 825 4026 17.
845 3990 875 4026 ιι.
893 3974 919 4027 2.
938 4001 975 4012 -
1011 3977 1097 4026 siccus
1124 3981 1165 4026 est
1192 3971 1255 4026 edd.
1284 3971 1370 4041 Lips-
1403 3981 1435 4026 et

197 4055 256 4092 rec.
288 4045 328 4092 eet
345 4038 480 4095 delevere
499 4042 550 4094 Dr.
572 4049 601 4095 et
619 4043 664 4096 Os.
686 4043 752 4111 quia
771 4044 848 4097 abest
867 4043 902 4098 ab
921 4045 986 4098 edd.
1006 4053 1064 4099 ret.
1103 4043 1161 4102 Sed
1187 4064 1202 4100 e
1229 4061 1253 4098 c.
1273 4043 1368 4097 Farn.
1402 4045 1435 4096 id

196 4111 284 4164 tacite
302 4112 450 4164 revocavit
467 4113 593 4182 Lipsius.
612 4133 640 4167 v.
660 4114 696 4168 ad
715 4133 739 4168 c.
760 4121 786 4170 1.
806 4134 835 4170 ιι.
854 4122 881 4174 3.

265 4185 291 4238 8.
333 4183 432 4238 Oratio
449 4193 556 4247 eutem,
574 4193 647 4241 sicut
664 4206 761 4257 corpus
778 4188 912 4251 hominis,
930 4208 963 4244 eu
980 4189 1088 4243 demum
1104 4179 1221 4260 puichm
1238 4197 1295 4251 est,
1316 4191 1351 4241 in
1372 4207 1435 4259 quea

193 4273 250 4308 non
269 4259 391 4310 meinent
407 4276 490 4312 uenae
507 4277 555 4312 nec
572 4279 634 4314 osso
651 4269 849 4326 numerantur,
881 4263 929 4316 sed
946 4272 1116 4334 temperatus
1140 4281 1173 4316 ac
1195 4265 1281 4318 bonus
1303 4269 1435 4332 sanguis

192 4329 289 4396 implet
305 4331 440 4391 rreunbru,
468 4335 501 4383 ut
519 4348 605 4402 supra
625 4335 666 4398 (v.
686 4342 753 4387 nota
769 4337 812 4398 2)
831 4335 897 4390 haec
914 4355 976 4390 ossa
994 4345 1019 4389 et
1036 4337 1108 4390 hasac
1124 4341 1255 4397 maciem,
1282 4351 1343 4406 qua
1364 4353 1435 4388 me-

192 4398 313 4470 taphora
331 4403 418 4457 etiam
437 4403 559 4471 Quintil.
580 4406 603 4458 1.
622 4421 751 4476 prooem.
770 4409 814 4463 21.
831 4409 868 4476 2,
886 4413 914 4474 4,
933 4414 960 4467 9.
982 4417 1011 4464 11
1030 4409 1089 4464 Cio.
1111 4409 1147 4463 ds
1165 4409 1216 4464 fin.
1235 4414 1263 4475 1,
1282 4411 1310 4465 3.
1331 4417 1435 4462 utun-
