2904 4802
205 207 267 273 39⁸
509 207 732 276 DIALOGIJS
754 211 814 274 DE
836 208 1121 274 customens.

661 375 859 432 CAPUT
901 375 974 430 xxt.

288 483 448 569 Equidem
476 487 605 550 fatebor
631 487 728 552 vobis
754 489 970 634 ⁵imff⁰ster'
998 489 1108 549 mein
1130 483 1324 567 quibusdam
1344 471 1429 550 anti-¹

206 588 349 652 quornm
379 572 437 633 vix
468 572 593 651 risum,
624 573 659 633 in
688 571 808 654 quibus
853 593 885 632 m
915 581 1025 634 autem
1054 573 1112 632 vix
1134 589 1284 632 somnum
1305 579 1429 638 tenere-1

205 653 277 715 Nec
308 675 397 715 unus
424 652 465 716 de
495 657 636 738 populo,
667 651 802 718 Canutii
832 665 891 718 aut
911 656 1005 716 Arrii
1034 661 1068 715 et
1088 653 1204 714 Furnii
1225 662 1259 716 et
1279 653 1429 732 Toraniis

204 739 329 820 quique
360 739 417 798 alii
445 740 481 798 in
510 737 625 800 eodem
650 737 894 802 valetudinario
923 739 1003 800 haec
1032 755 1107 798 ossa
1133 745 1167 798 et
1187 737 1272 797 hanc
1292 741 1414 802 maciem

140 861 142 870 ·
204 823 364 966 probant:
389 823 461 904 ipse
483 823 566 882 mihi
589 819 729 897 Calvus,
752 843 856 906 quum
876 843 982 884 unum
1003 831 1037 883 et
1057 821 1194 906 viginti,
1218 829 1257 881 ut
1300 829 1364 900 uto,
1384 824 1414 882 li-

227 923 282 965 ros
298 905 484 986 reliquerit,
493 909 551 968 vix
566 907 601 965 in
612 925 679 968 una
687 914 745 966 aut
752 905 1073 968 alteraoratiuncula
1081 905 1250 964 satisfacit.
1316 899 1429 965 codis!

204 991 329 1050 sentire
351 995 477 1051 cetoros
492 989 532 1050 ab
549 989 612 1050 hoc
631 1008 705 1050 meo
726 987 852 1052 iudicio
875 987 983 1052 video.
1030 988 1158 1068 Quotus
1179 989 1268 1048 enim
1290 979 1429 1070 quisque}

204 1067 298 1134 Calvi
319 1071 354 1132 in
376 1073 520 1134 Asitium
541 1075 656 1134 autin
677 1072 828 1134 Drusum
849 1073 948 1158 legit?
980 1071 1025 1134 At
1045 1070 1182 1132 hercule
1201 1072 1237 1130 in
1258 1063 1429 1142 hominum}

204 1153 431 1218 studiosorum
451 1157 603 1217 manibus
626 1165 805 1220 versantur
826 1158 1074 1234 accusationes,
1096 1173 1181 1235 qnae
1203 1155 1239 1214 in
1265 1155 1415 1213 Vatinium

203 1239 446 1318 inscribuntur,
465 1258 504 1300 ac
520 1242 701 1322 praecipue
716 1238 860 1301 secunda
873 1259 913 1300 ax
928 1239 979 1300 his
992 1241 1111 1300 oratio.
1154 1237 1212 1298 Est
1222 1238 1310 1298 euim
1317 1239 1414 1300 verbis
1428 1263 1429 1292 t

203 1331 321 1384 ornata
343 1331 377 1383 et
397 1325 589 1403 sententiis,
627 1323 766 1384 auribus
787 1321 937 1384 iudicum
959 1318 1223 1398 accommodata,
1262 1329 1301 1382 ut
1335 1323 1414 1390 scias,

203 1408 314 1489 ipsum
342 1424 474 1488 quoque
496 1403 634 1469 Calvum
655 1407 872 1486 intellexisse,
905 1405 987 1488 quid
1006 1407 1124 1468 melius
1155 1413 1259 1484 esset,
1286 1423 1344 1464 nec
1367 1411 1429 1467 tto-¹

203 1491 382 1568 luntatem,
425 1489 507 1572 quin
529 1491 703 1554 sublimius
726 1501 759 1552 et
780 1493 902 1552 cultius
933 1488 1080 1568 diceret,
1124 1485 1182 1550 sed
1203 1489 1367 1573 ingenium
1384 1483 1429 1548 ac*

158 1635 159 1638 ,
202 1575 293 1638 vires
323 1570 477 1636 defuisse.
528 1572 639 1656 Quid?
666 1595 707 1636 ex
730 1571 893 1637 Coelianis
915 1573 1120 1635 orationibus
1142 1590 1262 1654 nempe
1282 1571 1341 1632 hae
1359 1571 1414 1654 pla·

203 1665 297 1736 cent,
320 1658 436 1718 sinon
458 1659 652 1738 universae,
675 1667 709 1718 at
729 1669 841 1741 partes
863 1677 996 1738 earum,
1027 1660 1063 1718 in
1091 1655 1213 1738 quibus
1235 1656 1371 1716 nitorem
1388 1661 1414 1714 et

202 1737 413 1804 altitudinem
434 1741 556 1805 horum
575 1750 764 1824 temporum
786 1743 1003 1828 agnoscimus.
1035 1737 1159 1802 Sordes
1180 1747 1293 1801 autem
1313 1737 1429 1800 verbo}

202 1843 280 1886 rum
302 1831 336 1885 et
356 1825 452 1886 hians
475 1827 671 1908 compositio
699 1834 732 1888 et
760 1823 925 1888 inconditi
946 1845 1061 1886 sensus
1083 1821 1235 1885 redolent
1255 1823 1429 1903 antiquita-1

203 1917 286 1970 tem:
317 1926 379 1968 nec
410 1928 599 1992 quenquam
620 1908 702 1972 adeo
724 1912 949 1992 antiquarium
970 1918 1072 1992 puto,
1102 1917 1141 1968 ut
1163 1905 1311 1968 Coelium
1331 1925 1367 1965 ex
1384 1921 1414 1964 ea

202 1999 298 2075 parte
326 1989 457 2072 laudet,
487 2013 554 2076 qua
583 1997 740 2076 antiquus
771 2001 829 2056 est.
873 1989 1098 2055 Concedamus
1127 2009 1205 2050 sane
1228 1988 1264 2052 C.
1287 1986 1413 2057 Caesari,

204 2085 242 2137 ut
269 2082 409 2159 propter
438 2075 699 2161 magnitudinem
730 2079 967 2166 cogitationum
999 2084 1031 2138 et
1060 2075 1294 2156 occupationes
1315 2089 1429 2134 rerum,

202 2160 311 2220 minus
333 2161 369 2218 iu
390 2159 578 2242 eloquentia
599 2163 765 2241 effecerit,
793 2181 892 2244 quam
913 2159 1066 2222 divinum
1088 2160 1159 2220 eins
1181 2158 1348 2242 ingenium
1367 2167 1429 2236 pot

202 2243 362 2315 stulabat3
393 2251 462 2304 tam
490 2243 644 2322 hercule,
677 2265 777 2326 quam
806 2245 951 2305 Brutum
981 2239 1211 2326 philosophiae
1233 2259 1311 2302 suae
1330 2239 1429 2316 rehu-q

202 2345 352 2408 quamue.
404 2323 493 2386 Nam
522 2329 558 2388 in
589 2325 799 2390 orationibus
826 2330 989 2388 minorem
1020 2345 1091 2388 esse
1112 2328 1201 2385 fama
1222 2343 1283 2385 sna
1330 2324 1429 2390 etiarm

202 2407 419 2470 admiratores
450 2412 522 2470 eius
553 2415 710 2474 fatentur.
763 2410 834 2473 Nec
862 2415 967 2472 ferme
997 2413 1173 2492 qnisquam
1199 2415 1259 2467 aut
1281 2367 1413 2466 damaris

201 2511 264 2576 pro
291 2491 395 2553 Decio
429 2489 578 2555 Samnite
612 2505 671 2556 aut
701 2494 799 2557 Bruti
838 2513 900 2578 pro
930 2493 1089 2554 Deiotaro
1120 2489 1207 2578 Rege
1240 2497 1429 2568 ceterosque}

202 2573 351 2638 eiusdem
374 2575 582 2638 lentitudinis
604 2597 643 2638 ac
664 2581 790 2662 teporis
813 2578 918 2640 libros
940 2577 1037 2663 legit,
1060 2570 1128 2638 nisi
1150 2576 1207 2656 qui
1230 2581 1264 2636 et
1285 2573 1429 2658 carminat

202 2657 384 2722 eorundem
412 2661 565 2724 miratur.
614 2661 777 2738 Fecerunt
807 2665 896 2724 enim
923 2669 956 2723 et
978 2661 1125 2722 carmina
1146 2661 1237 2720 etin
1259 2653 1429 2738 biblicus-j

202 2758 256 2804 cas
278 2744 485 2823 retulerunt,
513 2765 579 2806 non
601 2746 718 2807 melius
741 2765 840 2828 qnam
862 2743 997 2822 Cicero,
1025 2751 1060 2804 at
1080 2743 1228 2819 felicius,
1259 2742 1334 2823 quia
1352 2738 1429 2798 illos*

121 2901 124 2906 Ι
201 2829 319 2888 fecisse
339 2830 515 2908 panciores
544 2829 662 2889 sciunt.
711 2831 847 2892 Asinius
864 2823 1020 2911 quoqne,
1055 2845 1243 2911 quanquam
1264 2820 1429 2907 propiori-q

201 2909 262 2970 bus
284 2912 490 2992 temporibus
512 2920 608 2972 natus
631 2915 695 2992 sit,
728 2911 865 2976 videtur
890 2913 973 2973 mihi
1000 2913 1089 2972 inter
1109 2907 1286 2971 Menenios
1307 2914 1337 2968 et
1356 2903 1429 2982 sip-l

200 2995 274 3074 pios
296 2991 471 3055 studuisse.
501 2991 684 3057 Pacuvium
705 3005 795 3058 certe
817 3004 850 3058 et
870 2995 1000 3056 Attium
1021 3013 1087 3056 nou
1109 2993 1216 3054 solum
1237 2985 1410 3074 tragoediis,
1428 3037 1429 3042 1

83 3089 89 3096 '
201 3073 382 3138 sedetiam
410 3077 618 3139 orationibus
648 3081 718 3141 suis
744 3081 923 3162 expressit:
952 3077 1034 3140 adeo
1057 3076 1162 3138 dnrns
1185 3083 1218 3137 et
1240 3075 1429 3154 aisement]

202 3156 317 3221 Oratio
340 3169 467 3240 autem,
491 3161 578 3222 sicut
599 3181 721 3246 corpus
744 3163 904 3245 hominis,
928 3183 966 3224 ea
988 3159 1119 3224 demum
1141 3157 1281 3242 pulchra
1302 3161 1362 3233 est,
1381 3153 1409 3210 in
1428 3225 1429 3228 Ἴ

200 3262 267 3324 qua
287 3261 354 3304 non
382 3245 530 3306 eminent
550 3264 673 3326 venae,
701 3265 762 3308 nec
783 3267 858 3309 ossa
878 3253 1118 3323 numerantur,
1148 3239 1206 3304 sed
1225 3243 1410 3322 temperatus
1428 3307 1429 3316 χ

200 3343 238 3388 ac
259 3325 366 3388 bonus
388 3329 521 3413 sanguis
542 3329 658 3411 implet
678 3329 827 3392 membra
848 3339 881 3392 et
901 3331 1051 3415 exsurgit
1064 3327 1159 3406 toris,
1180 3327 1333 3407 ipsosque
1348 3335 1411 3380 ncr-

199 3427 260 3474 vos
287 3411 412 3474 rubore
439 3412 522 3497 tegit
549 3421 583 3472 et
611 3410 731 3477 decore
761 3411 977 3476 commendat.
1022 3410 1109 3473 Nolo
1138 3409 1319 3471 Corvinum
1338 3405 1411 3466 inse-

200 3494 275 3575 qni,
299 3495 464 3576 quianon
487 3496 678 3577 peripsum
700 3499 845 3570 stetisse,
869 3515 935 3581 quo
957 3498 1067 3557 minus
1088 3495 1248 3556 laetitiam
1269 3491 1411 3550 nitorem·

199 3595 265 3721 qpe
286 3587 479 3640 nostrorum
500 3586 689 3662 temporum
710 3583 928 3664 exprimeret,
949 3577 1114 3658 videmus,
1136 3579 1172 3637 in
1193 3581 1348 3659 qnantum
1367 3569 1410 3628 iu·

225 3661 287 3722 ‘cio
310 3663 382 3724 eius
403 3663 455 3724 vis
477 3670 535 3724 aut
555 3665 658 3744 animi
679 3673 738 3727 aut
758 3667 885 3752 ingenii
906 3665 1084 3727 sufficeret.

274 3780 299 3830 1.
337 3778 469 3848 Equidem
484 3778 586 3848 fateor
611 3783 687 3835 cobis
713 3785 897 3852 simpliciter,
923 3799 951 3834 v.
970 3779 1006 3832 ad
1024 3779 1061 3833 tl.
1080 3782 1112 3844 3,
1130 3779 1185 3842 53,
1203 3780 1230 3832 6.
1256 3771 1351 3843 fateor
1371 3765 1408 3820 ed·

200 3851 257 3918 (pr.
270 3849 298 3913 i)
325 3851 387 3904 Pnt.
406 3849 472 3905 lliv.
499 3852 564 3908 Ber.
592 3852 686 3908 Rhen.
712 3861 786 3922 tres,
821 3855 886 3908 Ald.
914 3855 1019 3907 Franc.
1040 3851 1103 3918 Gol.
1122 3849 1186 3920 Bip.
1206 3847 1287 3902 Seeb.
1305 3846 1352 3898 Dr.
1369 3841 1407 3922 05·

192 3919 307 3989 fatebor
324 3923 402 3992 Lips.
423 3931 453 3976 et
470 3925 525 3979 rel.
544 3953 581 3966 -
616 3931 663 3978 oste
681 3931 771 3982 risum
788 3955 826 3968 -
844 3931 889 3980 nis
906 3943 1034 3980 somnum
1052 3932 1155 3984 tenere,
1179 3921 1321 3984 retinere,
1339 3909 1408 3968 cobr-

199 3993 285 4060 bere,
312 4009 345 4049 ec
363 3995 515 4050 abstinere.
554 3995 603 4052 Sic
630 3999 729 4054 Germ.
748 3999 869 4055 ciclades
887 3999 1009 4053 hebens
1029 3998 1088 4052 ond
1105 3993 1249 4064 subissent
1267 3989 1409 4045 uttialtmt

198 4065 298 4122 Weik.
339 4068 470 4122 &nanum
486 4077 575 4124 tenere
592 4087 647 4141 pro
667 4089 786 4135 cavera,
806 4073 883 4140 quod
901 4072 992 4125 latins
1011 4087 1071 4124 non
1091 4069 1215 4122 dicitnr:
1233 4065 1283 4119 sed
1305 4061 1350 4127 lit,
1372 4063 1407 4120 ub

199 4153 290 4207 quum
309 4139 386 4195 idern
405 4141 526 4195 verbum
545 4142 581 4198 ad
600 4143 669 4196 duas
687 4161 773 4200 voces
791 4147 951 4212 referatur,
984 4145 1038 4197 uni
1063 4143 1130 4198 voci
1155 4140 1249 4210 aptius
1271 4136 1327 4199 sit;
1347 4131 1407 4184 ΕΜ·

91 4215 93 4238 “
199 4217 229 4264 at
248 4211 353 4266 Subula.
392 4212 434 4266 Gi.
455 4213 520 4268 lud.
540 4215 595 4271 111.
615 4234 642 4269 v.
665 4217 804 4290 Syllepst's.
842 4218 949 4285 „Dixit
975 4223 1074 4270 tamen
1102 4214 1162 4268 cte.
1186 4213 1266 4266 Brut.
1285 4211 1337 4272 8⁰,
1353 4203 1407 4260 278.

184 4301 325 4340 *somnum
340 4289 399 4340 istc
418 4287 477 4340 loco
493 4293 539 4341 nis
557 4289 732 4352 terebamus,
761 4299 792 4346 st
814 4291 919 4344 iisdem
944 4307 1038 4362 paene
1063 4286 1161 4343 verbis
1186 4284 1267 4338 Brut.
1285 4283 1336 4346 8⁵,
1353 4279 1406 4334 293·

199 4358 319 4428 equidem
337 4363 367 4414 in
386 4361 545 4430 quibusdam
563 4366 650 4418 risum
667 4369 713 4418 vis
730 4363 882 4422 tenetumss’
900 4365 952 4418 Dr.
