2770 4792
385 262 525 328 cmm
553 263 642 330 mx.
666 257 742 329 xx.
1106 265 1180 362 ⁸nr

30 431 177 482 trutinatio
192 436 255 483 auto
272 436 315 484 est
332 447 365 484 es
382 433 506 485 aratoris
525 431 663 486 commodo
682 439 733 486 aret
751 435 895 491 ciuitatis,
914 435 958 486 oui
975 433 1181 500 imperabaturr

29 518 67 551 eun
80 519 138 571 poton
152 509 193 554 aad
202 497 375 570 frumentum
393 503 576 567 vendidisset,
610 511 661 558 out
685 523 792 558 seruare
816 507 911 564 uellet,
937 513 988 558 aut
1012 510 1043 558 in
1064 523 1123 557 eum
1142 507 1180 558 lo-

28 591 73 630 mr,
86 592 123 644 pao
137 577 322 644 imperabatur,
348 583 463 646 portare
490 581 591 643 nollet,
612 581 714 650 pettoit
736 580 768 632 in
791 579 914 650 beneficii
942 581 1000 631 loco
1018 585 1044 630 et
1061 582 1192 649 gratioe„

26 647 91 696 deebi
101 664 140 716 pro
148 647 299 716 frumento,
319 653 419 722 quanti
429 645 606 720 frumentum
625 658 710 711 esset,
727 649 793 702 dare
811 651 915 708 liceret.
948 651 1006 702 Sed
1021 654 1181 710 uoorirrna-

26 721 113 784 pudes
128 725 295 778 instituerunt
320 741 425 792 semper
449 725 489 776 ad
503 728 605 778 ultimo
623 741 656 776 ac
674 719 848 792 difficillima
867 727 929 778 loco
948 731 974 775 et
991 723 1029 776 od
1045 727 1180 794 angulum

27 791 101 860 elipeum
114 795 261 850 remnditum
279 816 313 850 ae
330 797 505 857 derelictum,
533 813 586 868 puo
606 805 723 866 portare
747 817 803 851 non
822 799 949 868 expediat
967 805 995 850 et
1021 798 1068 850 ubi
1085 803 1182 850 orator

26 879 76 913 moe
92 883 135 919 non
152 873 248 938 possit,
275 869 480 940 apportandum
496 868 672 939 frumentum
693 873 843 940 imperare,
871 880 901 924 ut
917 877 1043 924 vecturae
1060 865 1182 937 difficul-

27 937 176 1010 tueoiqeom
191 946 286 997 velleret
305 947 592 998 aestimationem
615 951 797 1012 pervenirent.
835 944 880 996 lta
904 943 965 996 cie.
986 944 1069 997 Verr.
1088 943 1132 1008 ΙΙ,
1152 947 1180 1008 3,

24 1007 84 1060 82⁰²
100 1013 135 1067 bl.
160 1015 206 1084 qui
229 1016 319 1070 etiam
344 1033 368 1069 c.
387 1018 433 1072 81.
454 1024 483 1070 et
500 1019 537 1071 84
565 1015 649 1081 dicit,
687 1035 770 1088 quum
793 1021 834 1068 in
859 1017 963 1070 Sicilia
990 1023 1016 1069 et
1043 1018 1180 1088 quibusvis

24 1082 41 1128 ir
56 1082 101 1134 loris
119 1093 265 1154 prouinciae
289 1089 344 1141 Hs.
371 1089 442 1142 binis
461 1091 556 1142 tritici
573 1089 680 1142 modius
699 1098 783 1148 esset,
820 1107 955 1142 summum
973 1091 1075 1150 ternis,
1115 1087 1181 1165 Ver3
1238 1139 1243 1150 ,

25 1167 103 1221 P‘repro
117 1163 195 1212 tritici
214 1161 315 1216 nimiis
332 1164 452 1232 singulis
469 1169 562 1215 ternos
589 1164 624 1216 eb
648 1165 805 1216 oratoribus
829 1163 957 1216 denarios
982 1167 1114 1232 exegisse,
1152 1167 1181 1214 et

23 1237 35 1271 t·
46 1226 73 1278 87.
100 1229 126 1281 st
140 1231 185 1286 boc
200 1237 398 1304 concederetur,
419 1237 484 1290 nelle
505 1235 610 1288 Siculos
627 1238 738 1288 studui
751 1237 880 1306 polliceri
889 1234 1064 1305 frumentum
1084 1238 1114 1289 in
1133 1237 1182 1286 cel-

23 1296 144 1377 &gratus
164 1323 232 1376 quae
254 1309 321 1361 loos
344 1308 402 1361 iam
430 1307 559 1360 laudavit
584 1305 703 1362 Waloh.
743 1307 842 1373 „Hinc
860 1307 1033 1376 Valerianus
1054 1309 1128 1378 imp.
1150 1307 1181 1358 in

22 1377 70 1434 epm.
88 1374 115 1427 ed
136 1375 293 1454 Ragonium
321 1397 366 1451 ap.
395 1379 523 1435 Trebell.
553 1379 627 1434 Poll.
653 1381 685 1432 in
712 1379 820 1434 Balista
843 1379 924 1433 XVII
949 1380 1101 1450 Tyranno:
1151 1380 1183 1432 st

20 1442 93 1506 bilin
110 1455 132 1500 te
152 1453 232 1507 bonae
250 1453 355 1526 frugis
378 1461 431 1517 est,
459 1471 542 1524 quom
568 1456 717 1514 messeio,
744 1454 952 1524 dispositionem
974 1453 1097 1506 Bolistae
1116 1469 1183 1523 prm

21 1527 89 1598 {tifre-
123 1521 176 1578 Hae
200 1531 230 1581 in
249 1525 353 1596 forma
378 1543 461 1597 remp.
488 1525 576 1588 nieles,
600 1533 632 1578 ut
656 1543 705 1580 nee
725 1529 771 1580 ille
792 1529 979 1594 provinciales
1006 1533 1124 1597 gravet,
1152 1533 1182 1580 ut

18 1585 301 1663 desaevientium,
327 1601 375 1654 ubi
397 1607 462 1654 sunt
479 1599 599 1668 pabulo,
624 1601 684 1653 illic
701 1611 830 1654 annonas
848 1599 971 1652 militum
989 1599 1118 1658 mundet,
1137 1601 1182 1651 ubi

18 1660 192 1742 &inmense
228 1692 286 1726 non
309 1676 525 1740 provinciolam,
562 1689 619 1726 nort
638 1688 817 1738 possessorem
843 1679 943 1744 cogat,
973 1670 1122 1739 frumenta
1149 1673 1182 1724 il·

18 1727 45 1819 lu,
60 1737 92 1788 eii
110 1759 156 1797 non
176 1744 274 1810 babet,
300 1747 379 1807 dore,
403 1749 463 1800 illie
486 1763 602 1817 equum,
630 1747 676 1798 ubi
693 1763 748 1798 non
763 1751 870 1812 potest,
897 1761 1015 1812 poscere.
1053 1742 1116 1798 Non
1142 1750 1182 1798 est

18 1818 56 1856 ²¹⁸¹*
73 1813 117 1866 “lle
132 1820 185 1871 alia
198 1823 323 1886 provisio
340 1821 455 1880 melior,
482 1836 565 1890 quom
583 1823 663 1872 utin
682 1820 749 1872 locis
771 1821 829 1871 suis
847 1825 1011 1889 erogentur,
1039 1835 1108 1888 puae
1132 1835 1183 1868 no-

18 1885 98 1943 'Wts
118 1906 147 1939 ne
169 1901 218 1944 aut
241 1891 372 1947 vehiculis
399 1901 448 1945 out
475 1890 624 1958 sumptibus
644 1907 727 1958 remp.
746 1899 872 1960 gravent.
928 1889 1067 1942 Eiusdem
1095 1906 1199 1964 tergm,

18 1951 68 2002 '²¹¹5
84 1956 148 2031 leges
174 1981 189 2016 a
211 1965 419 2018 Valentiniano
440 1965 515 2017 latae
542 1963 730 2034 reperiuntur
757 1961 826 2016 eod.
853 1963 874 2014 l.
899 1961 933 2014 X.
960 1963 1006 2015 tit.
1033 1965 1076 2018 16.
1103 1961 1123 2014 l.
1153 1965 1179 2018 6.

18 2025 62 2110 ²⁸3
82 2027 106 2080 b.
124 2031 183 2087 ΧΠ.
202 2037 249 2089 tit.
270 2041 316 2093 38.
349 2035 371 2089 l.
400 2039 427 2091 4.
456 2037 483 2090 7.
520 2033 574 2087 Res
604 2035 666 2104 ipsa
694 2035 754 2086 Lat.
780 2035 942 2095 adnerotio,
981 2035 1033 2087 Gr.
1061 2033 1182 2104 ‹inoppo-

18 2107 70 2176 tifwt
92 2101 196 2160 dicitur.
239 2107 379 2162 Ceterum
408 2123 460 2161 nos
480 2123 595 2176 quoque
623 2105 750 2158 vidimus
770 2123 882 2176 nuper,
911 2103 1082 2161 horreorum
1100 2105 1182 2158 mili-

18 2175 78 2220 'ffiiffl
96 2177 239 2251 mgistros
266 2181 382 2233 nivibus
410 2191 469 2234 non
497 2181 677 2232 frumentum
702 2178 789 2232 modo
809 2179 981 2250 imperasse,
1009 2179 1059 2234 sed
1079 2195 1183 2246 eorun-

18 2229 54 2320 ι’Ψ,
70 2258 184 2316 quoque,
221 2253 327 2323 quibus
365 2253 541 2322 imperatum
575 2257 657 2314 eret,
688 2251 848 2322 sumptibus
882 2251 912 2304 in
938 2261 1049 2306 remota
1080 2259 1109 2306 et
1127 2251 1183 2304 dif-

18 2301 65 2392 iflbt
78 2315 129 2372 loce
144 2325 357 2394 apportandum
376 2325 499 2378 iussisse.
538 2323 599 2389 Quo
618 2325 726 2377 factum
746 2331 803 2391 est,
823 2331 865 2391 ut,
886 2326 1019 2394 quamvis
1037 2321 1182 2377 frumenti

18 2393 58 2464 Ψ
78 2392 142 2458 apud
170 2395 223 2452 hos
261 2405 354 2463 esset,
387 2405 503 2460 tamen,
535 2414 626 2466 quum
651 2395 833 2472 longinquae
860 2405 998 2451 vecturae
1025 2397 1183 2451 difficultas

18 2461 92 2538 &ism
106 2463 225 2524 immane
245 2478 388 2539 quantum
407 2469 596 2534 accenderet,
622 2475 650 2522 et
668 2470 853 2522 frumentum
872 2477 901 2522 et
920 2477 1070 2524 vecturam
1090 2487 1106 2524 a
1124 2486 1184 2520 rna·

18 2531 69 2610 ,⁷¹1¹ss
83 2533 134 2591 illis
155 2544 284 2610 pecunia
310 2549 389 2596 certe
413 2541 559 2595 redimere
581 2541 716 2594 mallent.
762 2541 822 2608 Qua
841 2543 967 2612 pecunia
986 2549 1047 2594 tum
1066 2541 1117 2594 isti
1136 2541 1183 2594 in·

18 2609 82 2662 imme
103 2615 280 2681 mansueti,
310 2615 389 2686 quod
415 2615 481 2668 satis
504 2613 646 2667 frumenti
673 2621 765 2678 esset,
789 2614 820 2665 in
850 2613 918 2684 ipsis
947 2613 1008 2667 illis
1027 2613 1130 2677 tetris,
1151 2613 1184 2664 in

18 2679 48 2732 Μ
66 2677 212 2740 vehendum
237 2694 324 2741 antea
348 2683 414 2740 aliis
439 2687 672 2757 imperaverant,
697 2703 808 2752 emere,
836 2685 925 2743 simul
952 2702 1022 2740 vero
1045 2681 1184 2754 pretium,

18 2747 66 2804 mii
80 2751 127 2820 ipsi
144 2768 292 2820 emerent,
322 2759 447 2813 dominis
477 2769 611 2813 statuere.
657 2759 701 2812 lta
720 2775 791 2812 vero
810 2758 876 2823 alii,
906 2759 958 2828 qui
977 2774 1075 2813 secum
1096 2759 1185 2832 plena
1290 2798 1305 2814 a

18 2827 67 2870 ’'f“
82 2821 192 2894 babent,
223 2833 410 2887 frumentum
438 2832 494 2885 sibi
520 2833 696 2903 imperatum
728 2832 856 2902 pecunia
881 2832 1030 2885 redimere
1056 2830 1184 2898 adeoque
1214 2843 1216 2846 “

18 2883 66 2945 5³²³
78 2893 170 2956 burras
187 2907 311 2960 assidere
328 2913 357 2959 et
376 2923 462 2959 emere
480 2908 554 2958 ultro
564 2904 714 2975 frumenta
733 2911 811 2968 erte,
830 2903 896 2969 alii,
917 2905 968 2975 qui
988 2903 1106 2974 quidem
1124 2905 1185 2955 iru-

18 2971 65 3018 mto
79 2985 130 3024 non
145 2975 307 3042 abundant,
331 2979 447 3049 copiam
471 2977 552 3032 illius
577 2978 632 3030 vili
658 2978 770 3032 vendere
785 2983 877 3049 pretio
896 2977 1040 3032 invidiosa
1059 2975 1184 3030 auotori-

18 3037 191 3110 '‘mgnum”
229 3053 276 3104 lta
295 3052 406 3106 Driiok.
425 3051 560 3105 kleinere
579 3049 727 3105 Sobritten
745 3051 779 3104 T.
800 3053 839 3105 11.
864 3069 893 3122 p.
913 3055 1042 3107 10-14.
1081 3049 1184 3102 Priori
1213 3087 1216 3096 .

18 3105 44 3186 ’,ἱ
61 3118 171 3185 aptiora,
201 3141 292 3193 quam
317 3125 490 3194 posteriora.
534 3126 665 3177 Diuortio
688 3125 751 3177 Vat.
779 3127 861 3182 3429.
887 3131 916 3177 et
943 3123 1007 3178 edd.
1032 3130 1091 3176 ret.
1118 3123 1184 3174 enti

18 3189 50 3244 'ib
78 3187 125 3243 Sed
141 3211 167 3247 v.
187 3196 224 3248 ad
245 3197 282 3249 H.
303 3200 338 3260 2,
356 3201 411 3258 64,
430 3200 456 3253 2.
495 3197 665 3250 indicebatur
692 3197 861 3250 civitatibus
886 3197 1104 3264 amoribusque
1123 3195 1185 3246 fni-

18 3261 61 3306 *112
76 3262 257 3322 subvertaris.
298 3269 358 3322 Gur
376 3287 435 3323 non
453 3271 666 3324 indicebantur?
696 3287 724 3322 v.
737 3270 807 3322 ind.
829 3269 882 3324 111.
903 3287 932 3322 v.
961 3268 1185 3322 Praedicatorum

18 3325 178 3392 'Memorem
196 3347 310 3396 numeri
327 3363 362 3396 ao
377 3361 480 3414 genera
497 3344 611 3398 diuerso.
645 3347 782 3413 proximis
800 3341 921 3395 bibernis
947 3343 1009 3394 vat.
1029 3341 1109 3398 3429.
1129 3345 1184 3413 pro

22 3409 109 3462 Fit-lt
143 3414 283 3483 rvsen‘eret
299 3433 354 3486 pro
373 3415 509 3485 deser-rent
527 3417 631 3470 vitiose
650 3415 713 3469 edd.
730 3415 803 3466 Ern.
823 3413 886 3483 Bip.
907 3413 956 3467 ob.
976 3414 1013 3467 al.
1032 3443 1069 3454 -
1093 3413 1186 3472 donea

18 3473 164 3556 &mnibus
182 3495 213 3543 in
230 3497 364 3558 promptu
382 3499 456 3552 erut,
476 3491 556 3560 quod
574 3489 608 3541 ab
627 3487 788 3542 aratoribus
807 3503 858 3540 suo
877 3487 943 3540 loco
963 3487 1045 3540 nullo
1067 3485 1185 3560 negotio

18 3539 45 3594 ⁸¹
57 3567 138 3619 posset
157 3565 266 3633 'neque
290 3562 330 3615 ibi
354 3563 483 3626 deesset,
508 3579 565 3632 quo
590 3569 788 3632 pervenerant
806 3561 868 3614 sive
885 3566 1078 3629 perventuros
1097 3574 1126 3610 se
1146 3557 1185 3610 sii

18 3615 115 3710 ΨΜ.
134 3649 228 3705 eoque
249 3635 383 3690 omnibus
402 3637 611 3708 suppeditaret,
636 3641 665 3688 et
684 3633 736 3702 qui
755 3633 872 3693 darent,
891 3639 920 3685 et
939 3631 990 3702 qui
1009 3631 1187 3701 acciperent,

18 3703 57 3746 ’ω
71 3704 199 3762 lucrosum
212 3709 315 3779 fieret,
339 3727 385 3762 ms
410 3710 557 3763 iste-atibus
581 3707 818 3778 provincialibus
839 3721 999 3773 eorumque
1027 3703 1188 3768 ministrisq

18 3755 68 3819 ''stit
100 3779 164 3834 Non
184 3781 351 3837 audiendus
398 3800 443 3836 rn.
468 3782 564 3836 ¹tlone'e
580 3809 617 3821 -
629 3781 727 3850 fleret,
753 3781 789 3833 cf.
811 3777 848 3831 ati
867 3779 902 3830 G.
921 3783 947 3832 1.
968 3795 996 3829 n.
1016 3778 1043 3832 6.

426 3963 620 4018 CAPUT
658 3961 714 4018 XX.

18 4151 20 4164 ,
45 4079 126 4174 ,Haec
169 4099 263 4158 rimo
286 4098 397 4158 statim
420 4113 505 4157 anno
527 4091 775 4175 comprimendo
804 4093 970 4179 egregiam
992 4094 1189 4172 famampa-

18 4173 129 4252 *loreum
152 4177 245 4258 edit,
281 4201 364 4260 quae
399 4179 452 4243 vel
473 4179 608 4242 incuria
634 4178 688 4240 vel
710 4177 887 4240 tolerantia
914 4179 1068 4260 priorum
1099 4171 1189 4262 baud

18 4261 69 4312 ¹³³⁵
85 4278 178 4337 quam
199 4264 329 4327 bellum
359 4261 548 4326 timebatur.
601 4259 667 4324 Sed
696 4261 755 4324 nbi
782 4271 888 4323 aestas
919 4258 1070 4337 advenit,
1111 4275 1188 4317 cona

18 4337 68 4390 ²²¹⁰
84 4351 253 4430 exercitu,
278 4347 422 4410 muitum
443 4349 477 4408 in
498 4347 628 4433 agmine
650 4344 785 4408 laudare
806 4343 1010 4420 modestiam,
1034 4339 1189 4404 disiectos
1223 4363 1225 4368 ·

18 4425 120 4501 tuere,
141 4432 216 4496 ioca
239 4433 359 4494 castris
382 4435 453 4515 ipse
475 4449 612 4514 capere,
635 4431 801 4492 aestuaria
821 4447 860 4490 ac
881 4429 980 4491 silvas
1002 4427 1072 4508 ipse
1094 4439 1189 4510 prae-
