2846 4802
492 173 637 242 CAPUT
666 176 743 240 Vll.
1174 178 1236 246 353

37 345 200 406 advitate
220 344 360 408 ιιιίιιίωο
383 329 559 410 favorabili
585 353 684 410 natus
704 351 917 428 quaesturam
936 354 998 410 aut
1027 345 1234 410 tribunatum

36 437 76 488 art
92 435 277 510 praeturam
299 431 423 512 accepi,
447 447 548 512 mam
568 447 639 500 eos,
662 431 783 512 quibus
800 429 900 508 mihi,
920 447 985 514 pro
1005 429 1236 494 mediocritate

36 513 110 572 buius
129 511 438 594 quantulaecunque
458 517 494 574 in
516 509 655 575 diceudo
676 514 858 584 facultatis,
879 521 939 574 aut
958 533 1054 576 reum
1075 533 1236 596 prospere

36 591 201 672 defendere,
234 601 292 655 aut
320 593 656 677 apudcentumviros
678 615 811 658 causam
833 595 976 678 aliquem
998 598 1140 662 feliciter
1161 617 1235 658 ora-

36 699 67 742 re,
85 687 136 738 aut
156 675 246 760 apud
267 675 454 760 Principem
474 681 564 762 ipsos
584 681 658 742 illos
679 680 815 742 libertos
837 690 871 741 et
891 689 1125 763 procuratores
1140 678 1236 741 Prin-

36 763 121 843 cipum
147 763 240 822 tueri
268 769 302 822 et
323 759 500 826 defendere
527 761 636 826 datur.
687 762 776 826 Tum
804 763 890 826 mihi
919 783 1023 846 supra
1044 765 1236 828 tribunatus

36 851 237 926 etpraeturas
259 852 293 906 et
313 846 504 909 consulatus
525 843 706 910 ascendere
725 844 845 910 videor
885 855 958 908 tum
980 847 1113 927 habere,
1135 845 1236 931 quod,
1345 913 1349 920 ,

36 929 125 988 sinon
145 929 182 987 in
204 929 315 988 animo
337 931 464 1005 oritur,
489 949 551 992 nec
575 926 637 1008 [in]
659 928 819 992 codicillis
840 891 955 1010 «latur,
984 950 1046 994 nec
1067 951 1143 993 cum
1163 949 1238 1017 gra-

36 1013 66 1072 tia
81 1012 175 1073 seuit.
229 1011 324 1092 Quae
344 1016 431 1074 fame
451 1022 485 1074 et
505 1015 576 1074 laus
606 1015 754 1076 cuiusuis
775 1015 857 1076 artis
879 1033 955 1076 cum
975 1023 1149 1076 oratorum
1170 1015 1238 1101 glo·

35 1097 70 1153 ria
86 1093 305 1176 comparanda
326 1105 396 1176 est,
432 1099 491 1180 qui
520 1115 586 1158 nou
608 1099 752 1159 illustres
774 1099 810 1158 in
830 1094 921 1160 Urbe
942 1099 1049 1160 solum
1070 1117 1088 1158 a
1113 1095 1160 1158 ud
1181 1115 1238 1157 ne·

35 1179 151 1264 gotiosos
173 1185 208 1239 et
229 1178 328 1240 rebus
350 1182 503 1252 intentos,
528 1177 587 1243 sed
609 1184 707 1242 etiam
729 1178 819 1264 apud
839 1181 977 1244 iuvenes
999 1189 1033 1244 et
1053 1201 1072 1242 e
1095 1182 1237 1244 olescen-

36 1271 82 1331 tes,
102 1261 222 1343 quibus
244 1261 341 1323 modo
362 1273 455 1324 recta
476 1259 534 1342 [et]
556 1262 682 1326 indoles
704 1273 755 1326 est
776 1271 809 1326 et
828 1263 915 1326 bona
936 1285 1010 1348 spes
1032 1267 1108 1326 sui?
1150 1263 1241 1343 Quo-

36 1365 89 1404 rum
108 1347 242 1406 nomina
262 1348 357 1428 prius
379 1356 532 1430 parentes
555 1348 668 1410 liberis
691 1349 767 1410 suis
781 1349 961 1434 ingerunt?
990 1347 1088 1430 Quos¹
1103 1350 1240 1430 saepius

35 1429 128 1513 uqsue
148 1429 344 1510 imperitum
378 1439 412 1492 et
437 1433 605 1494 tunicatus
636 1432 691 1494 bic
712 1433 856 1514 populus
877 1439 1085 1494 transeuntes
1107 1433 1242 1492 nomine

34 1520 107 1572 uocat
125 1519 158 1572 et
179 1509 286 1611 digito
308 1511 532 1576 demonstrat?
571 1513 729 1578 Advenee
758 1533 892 1597 quoque
919 1523 953 1577 et
982 1534 1063 1598 pere
1107 1515 1154 1574 'ni
1175 1515 1243 1574 iam

35 1596 258 1678 inmuuicipris
280 1605 313 1658 et
334 1599 471 1658 coloniis
493 1599 561 1659 suis
583 1595 732 1676 auditos,
757 1619 860 1681 quum
882 1599 1029 1682 primum
1079 1598 1172 1660 rbem
1193 1603 1242 1656 et-

35 1679 178 1764 tigeruut,
221 1682 399 1764 requirunt
425 1699 464 1742 ec
490 1683 603 1744 vultus
628 1699 807 1768 agnoscere
828 1683 1079 1766 concupiscunt

86 1799 108 1850 1.
144 1804 176 1848 at
194 1795 229 1850 de
249 1815 292 1850 me
310 1801 367 1866 ipse
380 1795 480 1866 satem·
498 1797 541 1850 ed.
561 1814 606 1867 pr.
617 1799 679 1850 Put.
690 1797 754 1852 niv.
774 1796 840 1852 Ber.
859 1795 954 1852 liban.
975 1802 1000 1852 1.
1020 1806 1053 1852 ut
1070 1798 1101 1854 ele
1120 1816 1162 1850 ms
1182 1799 1242 1866 ipso

31 1865 128 1932 illis.
148 1869 217 1922 Vat.
238 1869 301 1924 edd.
321 1869 412 1924 Rhen.
432 1871 459 1926 2.
479 1874 505 1926 3.
526 1871 592 1924 Ald.
612 1869 749 1926 Editores
775 1887 835 1924 rec.
854 1871 922 1941 pari
969 1887 1038 1924 sene
1058 1885 1182 1924 numero
1201 1869 1243 1924 sl·

37 1946 155 1994 temtrum
174 1959 326 2011 recepere.
364 1941 421 1997 Sed
447 1942 524 1994 illud
548 1941 618 1996 huic
645 1941 880 2014 praeferendum.
902 1961 929 1996 v.
1023 1941 1119 1996 sborn.
1141 1941 1241 1996 Gram.

36 2017 120 2079 atet.
137 2043 174 2054 --
205 2017 281 2070 latus
300 2018 391 2070 clauus
417 2016 562 2068 senatoria
587 2013 617 2068 di
640 2015 731 2080 nitas,
766 2015 848 2070 ouius
867 2015 981 2090 insigne
1000 2017 1076 2070 latus
1095 2015 1194 2070 clauus
1212 2011 1241 2066 b.
1264 2046 1268 2068 t

36 2100 52 2136 e.
65 2086 152 2138 tunica
171 2085 315 2142 distincta
332 2089 399 2142 latis
419 2105 454 2142 ex
472 2105 604 2159 purpura
620 2033 737 2149 lamiis,
764 2087 877 2164 plagisq
897 2088 974 2142 Brut.
1012 2087 1164 2144 Senatores
1183 2089 1243 2140 lato

37 2159 90 2210 suso
106 2159 280 2226 utebantur,
299 2161 420 2231 Equites
439 2171 568 2232 augusto.
608 2160 650 2214 Cf.
671 2161 708 2214 ad
725 2160 800 2214 Anu.
820 2165 856 2224 1,
875 2165 928 2228 73,
949 2167 974 2216 1.
994 2189 1030 2200 -
1047 2161 1128 2216 bomo
1146 2177 1244 2222 noem,

37 2247 54 2280 r.
68 2231 96 2282 ad
112 2231 185 2284 Anu.
207 2236 242 2296 3,
259 2236 302 2288 55.
322 2263 358 2274 -
376 2237 408 2287 ire
427 2239 559 2298 civitate,
577 2235 698 2288 fortasse
717 2233 906 2300 Britannica,
927 2234 972 2298 (in
990 2233 1142 2288 Britannia
1162 2239 1250 2293 certe¹

38 2301 144 2357 invenem
162 2305 347 2374 aliquamdiu
372 2314 520 2360 moratum
549 2324 625 2372 esse,
652 2324 668 2360 e
693 2323 756 2377 cap.
776 2309 810 2362 17
829 2305 999 2392 colligitur)
1018 2315 1048 2360 ot
1065 2309 1180 2360 minime
1192 2303 1244 2374 sa·

38 2377 145 2438 torritii,
175 2386 245 2448 apta
275 2379 312 2432 ad
335 2381 465 2434 favorem
491 2377 723 2433 conciliandum:
750 2395 834 2432 sensu
859 2387 974 2445 acnvs,
1000 2386 1034 2431 ut
1059 2397 1105 2448 ap.
1125 2378 1242 2432 Terent.

38 2445 129 2502 lborm.
149 2454 183 2515 1,
205 2453 233 2516 4,
253 2454 296 2508 49.
325 2471 409 2506 causa
427 2455 581 2514 vincibilis,
600 2467 673 2521 quae
691 2451 777 2506 facile
795 2451 907 2504 victrix
925 2451 992 2505 Seri
1010 2451 1116 2522 possit3
1137 2450 1244 2506 Schuls.

38 2519 65 2572 tt.
80 2522 136 2576 lud
156 2523 216 2576 111.
236 2541 263 2576 v.
282 2525 429 2598 Enaliags.
466 2527 533 2593 „lta
559 2522 648 2580 etiam
678 2523 751 2578 Lud.
780 2521 816 2577 G.
837 2523 944 2578 Creme
969 2523 1001 2576 in
1025 2540 1127 2599 progr.
1148 2523 1184 2576 de
1203 2523 1247 2576 le·

62 2595 107 2648 ndo
131 2595 201 2648 dial.
232 2595 268 2649 da
293 2605 366 2652 orat.
390 2597 499 2652 Luneb.
529 2601 608 2655 1790.
639 2613 675 2652 ex
700 2613 763 2666 cap.
782 2599 826 2653 17.
854 2596 994 2662 coniicit,
1023 2595 1135 2666 Aprum
1155 2595 1256 2656 fuisses

38 2609 192 2722 ffiitmnum.
234 2667 290 2723 Sed
307 2671 414 2737 obstat,
434 2671 514 2740 quod
533 2688 595 2742 cap.
618 2674 660 2726 10.
682 2669 790 2723 diserte
809 2667 883 2721 dicit
901 2687 934 2722 m
952 2669 1023 2793 quial
1037 2669 1069 2720 de
1088 2670 1180 2724 Gallis
1197 2687 1246 2722 uo-
1272 2702 1274 2712 ι

39 2747 84 2793 aba
100 2745 252 2812 bquoerrur.
290 2745 451 2810 Maternus,
480 2741 628 2799 Secundus
647 2748 675 2797 et
693 2740 773 2813 Aper
799 2742 882 2796 fuere
902 2741 958 2796 Gal
972 2741 1001 2807 i,
1021 2747 1051 2794 et
1069 2749 1132 2794 tum
1151 2739 1245 2796 omnis

35 2811 97 2877 farer
118 2832 209 2884 penes
233 2813 385 2870 Romanos.
422 2815 467 2872 Cf.
496 2816 639 2872 Asnmiau.
667 2817 718 2881 14,
742 2816 788 2872 5.”
812 2813 890 2868 Brot.
910 2821 940 2868 et
962 2814 1009 2868 ot.
1045 2813 1247 2877 „Fauombilis

39 2885 93 2954 apud
109 2885 281 2941 Ciceronem
300 2906 359 2944 non
377 2889 495 2966 legitur.
527 2909 555 2942 v.
574 2887 673 2959 Spald.
695 2895 723 2942 et
742 2884 873 2942 Frotscls.
893 2885 930 2940 ad
949 2885 1071 2953 Quintil.
1090 2891 1126 2954 4,
1147 2893 1178 2953 1,
1197 2888 1243 2941 20.

40 2961 72 3020 to,
89 2961 117 3023 5,
134 2962 179 3014 21.
221 2960 304 3014 Unde
328 2961 415 3015 ducta
441 2963 499 3016 sint
522 2960 672 3018 Adiectiva
691 2961 723 3014 in
742 2961 821 3024 bilis,
853 2959 953 3012 docuit
972 2957 1108 3026 Goerena
1127 2959 1164 3014 ad
1183 2958 1244 3013 Cic.

39 3027 102 3082 lead
120 3037 150 3098 1,
174 3037 229 3098 ll,
248 3035 311 3088 41.”
328 3035 449 3089 Drosike.
467 3063 504 3076 -
530 3043 629 3090 natus:
652 3033 684 3088 in
713 3033 756 3088 ed.
776 3035 838 3086 Put.
858 3031 922 3086 Riv.
941 3028 1006 3086 Ber.
1027 3029 1119 3086 liban.
1138 3031 1243 3086 Franc.

40 3099 116 3156 Calon.
135 3113 244 3159 nactus·
263 3135 300 3148 -
320 3115 497 3179 quaesturam
526 3115 577 3161 aut
600 3110 773 3162 trituratum
799 3104 921 3175 (plebis,
945 3111 978 3157 ut
997 3102 1067 3179 Agr.
1088 3105 1245 3170 esame)

40 3184 74 3226 tel
92 3187 267 3246 praetia-am.-
293 3177 325 3232 hi
345 3189 427 3234 erant
450 3181 541 3252 primi
566 3188 633 3235 ants
659 3179 840 3234 consulatum
874 3177 979 3252 gradus
1006 3177 1244 3254 magistratuum

39 3247 73 3300 sed
87 3250 213 3304 aedilitas
233 3252 321 3306 etiam
341 3254 405 3330 geri
423 3253 588 3308 solebat—
604 3271 688 3326 qaam
705 3270 749 3306 sos
766 3268 805 3306 sc.
826 3249 894 3304 dies.
918 3277 947 3290 -
969 3251 1046 3319 apud
1060 3255 1247 3304 ceutrorruiros

40 3337 126 3376 ceam
142 3326 270 3397 aliquam
282 3324 413 3394 feliciter
431 3345 528 3391 orare5
546 3326 604 3380 'sed
631 3345 730 3380 eamus
753 3323 966 3378 ceatwnvimiss
984 3321 1144 3393 pleraeque
1164 3329 1247 3376 erant

40 3408 121 3460 parrae
139 3407 168 3452 et
188 3399 296 3466 exiles,
316 3399 392 3470 inpr.
410 3397 622 3461 hereditariae,
641 3415 696 3456 nec
715 3397 772 3458 nisi
790 3395 921 3466 privatae
941 3398 1157 3464 usucapionem,
1176 3403 1248 3448 tute·

42 3467 125 3530 brom
149 3474 360 3542 gentilitatem,
387 3477 593 3545 afflationem,
612 3475 802 3531 alluviomsm,
821 3469 1085 3528 circumluvium,
1102 3484 1247 3527 merum,

41 3545 235 3610 meptiarum,
252 3551 409 3614 pas-r'stron,
429 3547 583 3606 luminum,
602 3546 834 3603 stillicidiorum,
852 3547 1080 3596 testamentorum
1099 3547 1247 3608 ruptorum

42 3620 219 3670 saltatorum
249 3625 450 3692 ceterarumque
478 3637 569 3673 rerum
592 3617 839 3674 inumerabilium
865 3617 944 3675 iura,
972 3629 1047 3682 quae
1071 3619 1140 3664 sunt
1158 3612 1246 3666 verbu

43 3681 87 3738 Cic.
103 3686 134 3742 de
152 3705 195 3744 or.
215 3695 248 3754 1,
267 3694 316 3758 38,
337 3697 397 3749 173.
437 3691 480 3746 Gi.
501 3709 526 3744 c.
546 3693 591 3748 38.
615 3692 690 3746 Plin.
710 3707 755 3762 ep.
774 3691 808 3750 2,
829 3689 873 3744 14.
892 3687 925 3749 5,
943 3688 987 3742 21.
1007 3687 1045 3747 6,
1063 3689 1106 3742 33.
1135 3683 1195 3740 cie.
1215 3703 1244 3756 p.

44 3755 134 3812 cresin.
159 3767 186 3818 7.
207 3766 250 3820 18.
269 3766 313 3819 24.
352 3765 523 3820 Geutwaviri
548 3782 700 3820 assessores
724 3761 827 3816 iudicii
850 3756 1087 3823 recusavimus,
1122 3759 1246 3830 proprie

44 3827 89 3896 CV,
106 3850 136 3886 ex
153 3833 254 3888 mv
272 3837 402 3892 tribubus
422 3847 450 3892 et
469 3836 588 3908 quidem
609 3837 687 3892 terni
706 3854 742 3890 ex
760 3833 890 3905 qualibet
909 3831 1033 3896 delecti,
1053 3829 1104 3884 sed
1123 3829 1246 3884 CLXXX

44 3905 196 3974 temporibus
216 3909 448 3994 imperatorum,
469 3909 571 3982 quibus
590 3925 797 3977 nonnunquam
816 3905 848 3960 in
865 3923 924 3958 una
942 3903 1062 3958 basilica
1080 3901 1156 3987 lulis
1176 3920 1246 3972 qua·

45 3980 93 4028 tuor
107 3979 190 4032 simul
207 3980 317 4035 iudicia
335 3991 364 4036 et
381 3983 503 4038 totidem
523 3981 682 4036 tribunalia
697 3989 788 4036 erant.
809 3998 837 4037 r.
854 3979 934 4032 Nast.
953 3975 990 4030 ad
1007 3974 1038 4028 la.
1058 3974 1078 4028 l.
1099 3975 1176 4028 Pleu.
1197 3993 1244 4044 ep.

46 4049 71 4110 l,
85 4051 113 4114 ⁵9
129 4055 154 4106 ι·
175 4057 209 4119 19
229 4057 279 4116 ¹89
297 4059 324 4110 3·
349 4055 426 4127 lnprs
454 4059 488 4122 2,
514 4059 556 4110 ss·
578 4064 607 4110 et
624 4060 658 4122 6,
676 4059 721 4111 33·
754 4051 872 4120 Quintil·
899 4051 947 4115 ¹2,
966 4050 999 4112 ὅ)
1017 4051 1044 4104 6·
1081 4045 1180 4172 siffon'
1208 4045 1244 4100 de

47 4117 160 4188 iudici,
178 4127 222 4181 22.
242 4125 314 4180 Eru.
335 4128 408 4182 clav.
430 4129 489 4184 Cic.
509 4127 644 4182 Sibrandi
664 4125 782 4182 Tetardi
800 4123 949 4179 Siccamae
975 4120 1092 4176 libellus
1131 4119 1244 4172 eiudi·

47 4191 79 4272 tio
94 4203 228 4250 cauturus.
256 4215 328 4254 cura
355 4201 522 4254 Piittmauui
542 4217 599 4255 rec.
619 4199 784 4254 itatem.
803 4197 878 4268 inpr.
898 4191 1060 4250 Bethmann
1072 4223 1104 4234 -
1118 4193 1245 4265 Holweg

48 4281 69 4314 u
82 4266 233 4339 zeitschrift
241 4270 301 4340 seir
317 4272 475 4344 geschichtl.
503 4273 676 4330 flectemus.
701 4271 828 4342 nemag.
855 4287 910 4324 oon
930 4268 1073 4338 Saoiguys
1098 4263 1242 4318 Elcltlwrn

49 4337 89 4388 md
101 4339 212 4396 Giselsm
230 4345 269 4412 V,
290 4350 332 4400 11.
353 4353 382 4402 et
399 4345 525 4420 Ephem.
547 4345 591 4398 lit.
612 4342 676 4402 len.
697 4362 721 4398 a.
742 4346 821 4402 1820.
841 4341 943 4412 Suppl.
963 4343 1008 4396 84.
1027 4356 1055 4408 p.
1075 4338 1131 4394 282
1144 4353 1185 4406 sq.
1206 4365 1240 4378 -·

85 4441 141 4512 opp.
160 4447 219 4501 rae.
240 4448 327 4501 nu<
508 4493 512 4500 ,
880 4417 930 4486 23
