2904 4802
500 220 642 287 CAPUT
663 221 789 288 xxiv.
1194 223 1256 286 111

20 389 141 473 Neque
164 393 259 454 emm
281 386 471 454 defensores
490 391 706 474 antiquorum
728 389 901 476 exigimus,
921 407 982 452 nec
994 408 1181 472 quenquam
1197 408 1256 452 no-

19 485 197 554 strorum,
231 493 419 558 quanquam
445 471 544 534 modo
565 472 689 536 laudati
711 493 844 553 sumus,
871 474 942 552 his,
972 492 1054 554 quos
1075 475 1254 535 insectatus

19 567 63 620 ess
86 559 200 641 Aper,
225 575 464 642 comparamus.
507 555 556 618 Ac
576 577 619 619 ne
639 560 711 640 ipse
732 555 866 642 quidem
886 559 936 620 ita
956 559 1066 636 sentit,
1089 554 1147 619 sed
1161 575 1256 618 more

18 643 148 720 vetem,
184 650 220 704 et
246 643 321 702 aliis
353 649 386 702 et
413 640 534 704 vestris
589 641 770 723 hilosophis
790 659 889 724 saepe
910 640 1091 720 celebrato,
1114 642 1257 724 sumpsit

18 725 78 785 sibi
102 722 366 787 contradicendi
385 733 508 807 pamas.
579 743 717 808 xprome
745 725 839 786 nobis
865 741 931 785 non
953 721 1176 784 laudationem
1198 742 1256 784 an-

19 811 221 890 tiquorum,
254 805 347 885 (salis
380 809 469 870 enim
496 807 570 870 illos
592 811 679 870 lama
699 827 761 870 sua
782 803 936 888 laudat,)
959 805 1017 868 sed
1038 826 1171 878 causas,
1194 825 1256 870 cur

18 895 50 952 in
70 900 217 953 tantm
237 893 279 954 ab
300 893 487 974 eloquentia
507 911 625 954 eorum
646 893 900 970 recesserimus,
922 910 1026 973 quum
1045 891 1255 972 praesertim,

19 985 157 1036 centum
181 983 219 1036 et
237 977 360 1061 uiginti
380 995 486 1038 annos
507 975 548 1036 ab
569 977 711 1040 interitu
733 973 905 1038 Ciceronis
933 975 969 1035 in
990 973 1080 1035 hunc
1101 971 1188 1036 diem
1210 977 1257 1036 el-

18 1061 90 1137 ici,
115 1060 212 1120 ratio
233 1068 422 1144 temporum
435 1059 623 1144 collegerit.

85 1197 118 1247 1.
159 1211 219 1264 qaso
235 1201 374 1258 temate,-
399 1191 644 1262 quemadmodum
668 1190 784 1266 ingenii
810 1200 839 1246 et
864 1193 1003 1246 cretionis
1027 1191 1143 1246 ubertas
1161 1207 1195 1244 sc
1212 1190 1256 1246 vis

19 1263 865 1406 ..1.
880 1264 1256 1392 ...⁵⁴

16 1415 94 1479 genis·
104 1355 185 1478 pqpt
206 1373 341 1466 luvenali'
363 1374 668 1478 3,71.19,9.’119.
695 1412 756 1465 128.
776 1356 992 1464 alp-'aaalrs
1009 1415 1137 1480 mstiquos
1156 1426 1173 1460 a
1192 1425 1254 1478 cap.

18 1485 90 1536 16-
102 1486 154 1538 23.
197 1482 241 1536 Gi.
265 1483 302 1536 ad
321 1501 386 1555 cap.
404 1488 431 1538 1.
450 1502 480 1536 ιι.
498 1487 525 1538 1.
545 1513 578 1526 -
601 1486 719 1552 spiritu,
742 1482 931 1537 contentione
955 1490 985 1538 et
1002 1480 1204 1547 animositate,
1223 1488 1256 1532 ut

18 1569 58 1622 sp.
79 1553 149 1607 cic.
170 1555 258 1608 Verr.
277 1559 313 1620 1,
332 1559 378 1613 30.
396 1573 443 1627 pr.
463 1554 585 1622 Quintil.
604 1559 638 1620 1,
656 1559 692 1621 9,
711 1556 756 1608 15.
775 1554 812 1608 al.
850 1555 941 1610 Paulo
956 1561 1023 1625 post
1039 1561 1196 1608 maturatus
1214 1559 1257 1606 est

16 1635 44 1678 et
61 1631 223 1681 messem
241 1627 285 1682 ed.
302 1643 350 1699 pr.

85 1703 117 1754 2.
158 1700 250 1754 raam
266 1710 378 1764 tanea,
396 1700 535 1758 Messala,
552 1703 735 1768 premissam,
753 1699 790 1754 de
809 1715 868 1768 quo
887 1717 916 1753 v.
936 1715 998 1770 rsp.
1018 1702 1063 1756 16.
1080 1715 1127 1769 pr.
1167 1697 1255 1752 Tama

17 1771 93 1824 sne*
109 1771 238 1828 llessala
255 1775 318 1828 eut.
354 1773 441 1826 Tsasm
468 1781 528 1826 tarn
553 1781 595 1828 est
620 1772 752 1827 Messalla
769 1771 833 1826 Riv.
850 1800 887 1814 -
907 1775 1067 1826 immisisses
1083 1790 1140 1826 ssors
1161 1771 1257 1824 debes:

18 1861 118 1898 nonne
144 1845 176 1899 le
201 1885 209 1898 .
234 1848 405 1900 immistam?
440 1843 497 1899 set
520 1862 549 1896 v.
572 1845 609 1898 sd
633 1846 705 1921 Agr.
728 1850 756 1900 3.
784 1863 813 1897 ιι.
831 1848 858 1900 6.
896 1848 1056 1900 immutasse
1082 1850 1163 1898 recte
1191 1841 1254 1896 edd.

18 1934 70 1968 rec.
101 1933 164 1984 quo
211 1923 299 1972 tacite
326 1917 442 1988 Lipsius
467 1915 572 1968 ascivit
596 1935 611 1971 e
635 1912 1255 1980 11111101.111113511111111

19 1987 97 2040 Brot.
129 2005 168 2041 ex
197 1988 272 2043 1155.
297 1989 362 2042 Vat.
390 1989 570 2045 18621198.
608 1991 651 2042 ila
669 1995 790 2042 mutasse
809 1987 873 2040 edd.
892 1995 949 2041 vet.
969 1995 999 2041 et
1017 1985 1098 2041 Seeb.
1135 1993 1256 2039 mutasse
1322 2011 1326 2018 ·

19 2063 60 2117 lat
77 2077 131 2130 ap.
150 2059 222 2115 Ter.
241 2061 332 2114 Andr.
352 2066 379 2127 1,
399 2067 425 2126 1,
444 2061 503 2125 13.)
523 2059 598 2114 coni.
617 2059 689 2114 Ern.
707 2087 744 2100 ·—
761 2079 817 2112 nan
835 2059 925 2113 deles:
943 2060 1006 2112 Vat.
1027 2062 1106 2116 1861.
1127 2065 1155 2112 et
1173 2059 1254 2114 1195.

17 2151 67 2185 ross
85 2133 178 2186 detes.
199 2161 236 2174 -
260 2152 345 2205 sesque
370 2139 444 2188 esaim
469 2131 622 2202 defensores
646 2137 825 2204 antiquorum
849 2137 998 2204 erigimus,
1023 2139 1057 2183 11
1081 2147 1106 2183 c.
1125 2132 1161 2186 25
1180 2137 1254 2186 extr.

19 2205 241 2271 cessamus,
268 2206 447 2276 expetimusq
477 2205 581 2258 &tuta
600 2233 637 2244 -
667 2214 830 2260 nostrorum
856 2213 912 2271 „ut
939 2205 1041 2258 dixere
1064 2203 1181 2256 Plautus
1209 2217 1255 2271 sp.

19 2277 92 2330 Nou.
114 2282 151 2341 1,
173 2283 237 2335 133.
257 2279 367 2332 etalii.
386 2295 414 2331 v.
433 2276 546 2332 1111115.
567 2277 791 2349 (lampeto.
828 2278 901 2334 Usui
920 2285 1020 2330 tamen
1038 2275 1179 2346 loquendi
1196 2292 1256 2328 ms·

37 2350 43 2360 '
85 2358 320 2404 consentaneum
349 2357 391 2404 est
414 2350 554 2412 nostrsim,
581 2349 659 2419 quod
683 2369 698 2404 e
723 2351 800 2404 coni.
827 2348 910 2404 Acid.
938 2343 1254 2404 determinasse.

38 2421 62 2474 b.
85 2423 176 2476 Seeb.
198 2423 248 2476 Dr.
269 2423 363 2490 (Or.)''
384 2423 467 2478 Osass.
486 2453 523 2464 -
540 2423 620 2478 modo
638 2424 749 2476 laudati
765 2442 859 2478 samus
879 2439 940 2494 cap.
959 2427 1005 2480 23.
1043 2423 1098 2474 Pro
1127 2420 1170 2474 lu's
1188 2437 1256 2489 quos

19 2495 95 2548 0121.
118 2495 245 2565 scripsit
262 2500 299 2550 is's
316 2514 400 2567 quos,
424 2503 457 2548 ut
479 2495 589 2562 ubivis,
615 2495 666 2548 sed
690 2495 751 2549 sine
779 2495 959 2549 necessitate.
977 2521 1014 2534 -
1041 2500 1066 2545 et
1084 2495 1151 2546 aliis
1169 2499 1196 2545 et
1214 2509 1256 2544 ee-

19 2573 81 2620 stris
98 2567 280 2638 philosophis
303 2566 516 2637 (Academicis)
541 2585 621 2640 saepe
639 2569 773 2622 celebrato
798 2568 897 2637 recepi
922 2585 957 2621 ex
976 2563 1088 2620 emend.
1107 2563 1256 2617 Schultin-

21 2641 65 2712 git
110 2640 157 2694 Cf.
180 2640 432 2708 11111.2,51,
452 2645 596 2704 astte,
621 2641 665 2695 52.
693 2641 810 2710 Lipsius
835 2640 866 2691 in
892 2639 935 2693 ed.
955 2643 981 2692 1.
999 2637 1073 2690 haec
1092 2635 1254 2690 annotavits

20 2714 146 2772 „Vetuss
180 2712 217 2780 (c.
236 2713 336 2780 Fara.)
366 2722 393 2766 et
410 2715 477 2768 aliis
495 2733 514 2766 o
531 2717 639 2768 cestris.
676 2713 823 2768 Fortasse:
851 2714 969 2766 stelias
988 2729 1007 2763 a
1024 2711 1150 2763 sestris.''
1176 2715 1205 2761 et
1223 2708 1256 2759 in

21 2785 59 2836 sd.
79 2804 109 2838 a.
129 2789 214 2840 1600.
234 2794 263 2840 et
281 2787 318 2840 al.
357 2785 424 2852 „Ex
442 2785 537 2840 veteri
555 2787 623 2861 lego
643 2793 670 2838 st
688 2789 762 2840 alias
779 2806 798 2838 a
816 2788 942 2840 aestris.”
978 2785 1078 2836 Postea
1097 2783 1257 2834 immemor

1 2851 109 2922 liciace
127 2857 252 2912 videtur
269 2875 382 2924 eorm,
402 2875 476 2926 quae
494 2859 578 2928 prius
595 2867 757 2914 anonuerat.
794 2867 823 2912 st
840 2861 915 2914 alias
932 2860 1032 2913 vatris
1053 2854 1117 2910 edd.
1136 2870 1181 2923 pr.
1192 2855 1255 2906 Put.

21 2929 83 2982 ffiv.
103 2930 177 2983 Ber.
195 2931 286 2984 Rhen.
307 2939 385 2996 tres,
411 2931 478 2984 Ald.
507 2931 611 2986 Franc.
637 2931 699 2986 Col.
732 2939 760 2986 et
778 2933 847 2986 aliis
864 2935 965 2986 vestris
988 2926 1052 2984 edd.
1081 2925 1158 2982 Pich.
1179 2923 1255 2980 Pith-

22 3001 109 3056 Rern.
128 3001 226 3056 Gron.
250 3005 353 3058 ileum.
374 3002 423 3056 ob.
443 3003 515 3058 Ern.
537 3003 574 3058 el.
601 3011 627 3056 et
645 3024 663 3056 a
681 3007 779 3058 vestris
801 3005 863 3058 Vst.
888 3007 966 3060 1518.
991 3003 1072 3058 1198.
1092 2997 1155 3054 edd.
1175 2997 1255 3052 Brot.

21 3073 69 3126 Dr.
91 3075 211 3203 Osbrolr.
232 3084 259 3130 st
276 3097 295 3132 a
312 3081 415 3130 nostris
434 3077 496 3129 Vat.
508 3079 586 3132 1862.
607 3083 633 3131 et
651 3077 710 3132 illis
727 3082 824 3133 vestris
842 3077 892 3131 vel
910 3084 937 3132 st
955 3075 991 3129 ad
1008 3075 1067 3128 illis
1085 3074 1182 3128 vatris
1195 3071 1255 3145 leg.

40 3155 107 3200 ulit
170 3163 209 3202 es

20 3163 38 3214 p
91 3223 120 3275 3.
160 3219 297 3290 Exproms
321 3221 401 3274 nolis
423 3237 459 3274 ex
477 3219 555 3275 MSS:
575 3222 637 3274 Vat.
657 3239 796 3294 recepere
824 3221 931 3277 ileum.
958 3221 1030 3274 Ern.
1050 3217 1115 3289 Bip.
1135 3215 1254 3284 aliique.

21 3291 161 3362 Erpa-im
186 3291 230 3346 ed.
255 3309 301 3363 pr.
338 3293 469 3361 Exprims
494 3293 538 3346 ed.
566 3295 628 3348 Put
657 3304 687 3350 et
711 3305 764 3350 oet
790 3303 857 3350 ante
884 3295 990 3348 ileum.
1028 3293 1111 3345 Male.
1129 3317 1167 3332 -·
1184 3291 1257 3342 satis

21 3372 107 3418 stim
130 3370 201 3420 istos
226 3367 287 3420 Vat.
318 3369 397 3422 1812.
417 3365 494 3420 uude
512 3372 584 3420 satis
601 3371 673 3422 missa
692 3372 762 3424 istos
781 3369 831 3422 Dr.
852 3376 886 3419 ut
903 3369 965 3420 iere
983 3365 1096 3430 ubivis,
1121 3361 1172 3416 ssd
1190 3377 1258 3431 psc-

22 3455 133 3506 persm.
163 3467 200 3478 -
224 3442 254 3492 iss
278 3447 407 3500 santam,
435 3457 464 3491 r.
486 3437 524 3492 ad
550 3438 584 3494 G.
609 3443 654 3496 15.
682 3459 711 3494 ιι.
730 3445 776 3500 21.
806 3448 921 3494 toaleam
940 3439 1003 3494 Vei.
1022 3438 1102 3493 1862.
1120 3461 1157 3474 -
1173 3449 1257 3504 qum

21 3515 189 3578 malim
204 3511 280 3564 CXX
289 3531 381 3566 annos
398 3509 435 3564 ab
452 3514 570 3566 interitu
585 3515 723 3568 Ciceronis
741 3520 772 3570 irs
789 3514 860 3568 lucae
876 3513 949 3567 11111
967 3507 1043 3580 effici
1060 3510 1138 3562 ratio
1155 3514 1258 3576 tempo·

23 3603 84 3637 ram
103 3587 267 3656 collegerit,
286 3579 319 3638 u't
337 3585 400 3640 fere
419 3583 485 3638 loco
506 3583 568 3639 (iic.
588 3603 632 3658 ep.
652 3586 688 3640 ad
707 3587 766 3642 div.
785 3589 820 3651 5,
841 3589 884 3642 13.
904 3603 992 3656 quem
1011 3577 1195 3650 comparavit
1212 3577 1259 3632 Os.

25 3662 152 3712 rationes
178 3663 209 3712 iss
236 3677 268 3712 ea
291 3657 480 3728 disputatione
505 3678 524 3710 a
541 3667 566 3712 te
585 3662 712 3714 collectas
730 3661 875 3719 vetabant,
900 3677 943 3712 me
961 3659 1030 3728 reip.
1049 3657 1161 3724 penitus
1179 3645 1258 3720 laffi-

24 3731 93 3782 dsrs.
133 3729 180 3784 cf.
207 3729 244 3783 ed
267 3747 292 3784 c.
319 3735 371 3787 17.
391 3749 421 3790 n,
446 3736 474 3788 3.
495 3737 524 3784 ct
542 3730 578 3784 ad
598 3732 632 3785 G.
651 3737 697 3791 37.
716 3751 747 3786 n.
766 3737 792 3792 9.
829 3730 980 3786 Excidisse
998 3727 1118 3781 videtur
1134 3733 1258 3785 santum,

25 3819 59 3856 ue
77 3802 193 3878 frigida
214 3803 253 3856 sit
270 3802 344 3858 haec
362 3805 456 3865 ratio,
475 3811 504 3858 ct
523 3803 682 3877 legendum
708 3799 818 3860 ratione
843 3813 864 3858 1.
884 3821 905 3856 e.
925 3803 987 3856 scil.
1006 3801 1098 3871 Aper3
1117 3797 1187 3851 Em.
1222 3795 1257 3849 ld

26 3877 141 3946 recepit
161 3873 278 3928 Schule.
298 3882 407 3931 ratione
426 3887 447 3931 1.
465 3877 541 3947 Aper
559 3879 702 3949 collegerit
720 3879 797 3933 coni.
816 3875 982 3952 Schulling.
1011 3883 1040 3928 et
1059 3873 1145 3925 lluet.
1165 3877 1195 3925 et
1212 3885 1258 3921 ra·

25 3953 99 4002 tiosse
117 3957 142 4002 t.
163 3951 306 4021 collegeris
323 3949 405 4005 Seeb.
432 3949 620 4004 Abstractum
631 3952 733 4076 potius
749 3969 805 4024 pro
824 3955 978 4005 mnersto:
997 3950 1074 4000 ratio
1093 3953 1258 4015 suspersam,

27 4021 171 4076 ⁰¹²¹⁰⁰⁰¹⁰
195 4021 203 4035 ⁹
229 4059 238 4090 s
263 4026 393 4096 colligere
417 4022 544 4088 dicitur,
571 4039 628 4092 quo
668 4023 723 4094 ope
742 4026 803 4080 eius
822 4021 947 4097 collegit
964 4021 1057 4146 Aphem
1075 4019 1138 4088 Blp.
1158 4023 1187 4072 et
1208 4014 1256 4067 01.

27 4093 82 4146 llla
101 4097 165 4148 refe
194 4095 218 4146 't
235 4093 284 4148 rr.
304 4095 376 4170 Aug.
396 4095 524 4151 Wcllius
549 4094 581 4148 in
603 4095 724 4152 Miscell.
749 4093 944 4166 (vermischte
962 4093 999 4149 Sc
1022 4093 1126 4155 risten)
1166 4087 1255 4144 .162

27 4165 70 4219 tis
89 4165 203 4222 verbis:
241 4167 326 4234 „Alii
354 4170 428 4238 Apri
450 4181 558 4222 nomen
586 4167 710 4222 adscribi
729 4169 880 4234 volebant3
906 4165 959 4220 alii
976 4107 1206 4220 subaudiendum
1226 4157 1257 4210 id

29 4256 136 4292 nomen
160 4239 312 4311 putabant.
356 4241 491 4296 Alterum
522 4239 686 4296 violentum
715 4250 803 4309 esset,
831 4242 957 4295 alterum
987 4235 1111 4312 ingenio
1137 4234 1257 4310 lingum

29 4313 220 4367 contu-arium.
257 4313 325 4366 Non
343 4317 430 4368 oculis
446 4321 582 4384 ausaque,
609 4315 716 4369 utillo
735 4315 793 4378 ait,
812 4313 911 4368 Latini
937 4311 1100 4380 loquuntur
1116 4321 1172 4376 pro
1191 4301 1256 4357 sub·

30 4385 170 4440 thflfilis·
210 4387 312 4456 Neque
330 4405 386 4458 par
403 4386 572 4456 sxanplum
590 4401 616 4440 c.
634 4389 752 4444 iiextr.
771 4387 830 4446 Vel
846 4401 905 4441 uns
924 4381 1056 4458 analogia
1073 4382 1167 4434 iratus
1184 4378 1257 4431 benc
