2756 4792
834 81 850 114 Χ

177 217 239 281 aet
487 213 711 280 DlALOGUS
733 215 791 280 DE
812 211 1101 278 customens,

177 381 287 438 aliendi
302 384 345 444 oi,
362 399 417 436 non
435 375 604 453 infirmitate*
619 385 730 456 ingenii
747 399 794 436 aec
813 383 928 434 inscitia
945 381 1115 440 literarum,
1133 379 1184 434 sed
1198 381 1292 440 ludius
1306 387 1362 435 etin

177 459 291 512 tellectu-
331 455 406 508 Olim
427 457 458 510 in
476 454 577 511 honore
587 453 683 526 juisse
701 457 786 528 longa
801 455 948 524 principia
966 459 992 506 et
1017 457 1214 516 narrationes,
1238 457 1362 510 asisium

178 535 451 602 argranentorumque
474 531 622 622 multorum
648 532 861 618 ostentationem
887 533 914 578 et
930 523 1125 618 philosophica
1143 533 1265 618 qrationi
1279 535 1359 585 iniens

178 621 263 748 2¹:3⁶,
276 601 1362 747 “tt’'ttt,itti-:itithtl'ttllt'i‘tltiztttttit

178 754 240 805 cini
258 751 398 818 ipsiusque
417 746 554 802 Ciceronis
576 751 665 802 multa
682 747 844 818 deprehendi
869 747 1054 816 antiquitatis
1079 750 1164 807 sitia,
1193 749 1281 804 sordes
1303 751 1362 802 outo

102 857 105 866 ι
178 841 258 883 mm,
275 820 399 876 hiantem
416 825 642 891 compositionem
660 829 687 874 et
703 839 798 878 sensus
817 819 988 882 inconditos,
1017 837 1087 890 quae
1110 828 1203 873 tamen
1226 825 1282 876 sola
1296 827 1362 874 mins

178 905 226 952 tar
242 899 364 964 peruersi
381 898 548 948 imitatores.
584 897 627 950 23.
647 895 763 966 Iniquos
780 897 875 964 igitur
893 892 997 946 iudices
1022 909 1094 952 esse,
1125 899 1175 964 qui
1200 901 1307 967 antiqua
1328 903 1362 946 ta

180 979 241 1024 tum
273 963 390 1035 efferant
414 967 540 1022 laeedihus
567 967 755 1040 rhetorumque
788 969 971 1020 recentiorum
1000 970 1210 1021 commentarios
1238 967 1362 1038 sastidiant

181 1044 318 1098 Postrem
334 1038 483 1102 Messalas,
515 1039 639 1094 Materni
662 1049 689 1092 et
711 1041 830 1094 &andi
855 1044 973 1094 uirtutes
999 1039 1146 1109 praedicat
1167 1059 1260 1112 eosque
1282 1042 1313 1095 ad
1330 1043 1362 1094 ills

180 1115 324 1172 eamdam
341 1115 479 1167 saeculum
498 1133 578 1168 suum
594 1113 778 1184 pulcherrimo
795 1111 905 1166 dicendi
919 1129 1018 1183 genere
1029 1111 1196 1175 catenatur,
1213 1134 1291 1188 quum
1301 1115 1362 1168 videa

180 1209 241 1250 eos,
274 1203 343 1258 quae
361 1205 425 1240 ara
442 1190 483 1240 sit
500 1190 667 1258 eloquentiae
686 1205 751 1249 ars,
784 1189 941 1240 laetissima
965 1203 1084 1258 quaeque
1101 1192 1273 1260 mstiquorsem
1289 1191 1362 1242 imita

180 1283 214 1318 aa
230 1265 371 1333 grauitate
388 1277 514 1314 sensuum
533 1265 654 1313 nitorem
672 1263 824 1332 cultqanqae
842 1260 982 1314 aeriorum
999 1264 1118 1313 miscere.

252 1337 296 1392 24.
336 1333 404 1386 Tum
422 1331 563 1386 Maternus
590 1333 718 1388 admonet
734 1333 902 1407 Messalam,
928 1339 976 1398 ut,
1002 1338 1089 1386 missa
1111 1337 1285 1406 ntiquom
1307 1331 1362 1386 laod

179 1413 270 1469 tiam,
298 1410 395 1478 quiea
413 1424 470 1458 non
489 1407 646 1478 indigeant,
674 1423 778 1460 memor
790 1411 885 1476 potius
899 1409 1036 1474 promissi
1053 1424 1149 1460 causas
1169 1415 1317 1478 apromat,
1343 1423 1362 1456 a

180 1487 213 1538 in
229 1487 341 1536 tantsan
359 1480 394 1532 at
415 1481 570 1550 eloquentia
593 1497 685 1534 eorum
712 1483 852 1534 recesserit
874 1486 951 1532 aetas
975 1483 1116 1532 recentior.
1153 1481 1200 1536 25.
1220 1482 1271 1534 llic
1286 1484 1362 1550 pinu

180 1558 265 1616 docet,
283 1556 397 1624 quinam
415 1555 560 1624 antiqui
576 1559 633 1607 sint
650 1553 812 1622 appellandi
818 1573 829 1618 ,-
844 1555 938 1622 plures
954 1555 1041 1606 etiam
1059 1552 1169 1606 dicendi
1179 1553 1290 1623 sormas
1306 1551 1362 1605 iisdn

180 1632 295 1688 usculis
306 1624 398 1696 sutae
417 1633 443 1676 et
458 1627 616 1697 singulares
635 1625 725 1688 Calai,
748 1628 846 1680 Asinii
862 1627 1034 1697 aliononque
1051 1630 1180 1679 oirtsaes:
1214 1628 1286 1700 qaod
1299 1643 1362 1678 ceros

181 1707 298 1758 inuicem
316 1701 542 1760 obtrectaverant,
571 1717 628 1753 non
646 1717 701 1754 esse
719 1708 862 1754 oratorum
879 1703 994 1758 atticen,
1020 1697 1070 1752 sed
1084 1698 1228 1754 hominum
1235 1722 1247 1768 ‚-
1280 1702 1318 1756 lh
1332 1714 1362 1768 gn

180 1783 296 1832 uitatem
314 1771 426 1842 denique
445 1779 473 1823 et
490 1773 593 1826 aeltwn
616 1775 773 1827 oratorium
797 1778 981 1843 impetumque
1006 1779 1126 1826 aeterum
1150 1775 1232 1845 longe
1252 1769 1362 1845 praefero

180 1851 245 1904 dms
262 1864 316 1902 esse
334 1845 474 1898 vatam
491 1847 638 1908 lasciuiae,
656 1847 766 1900 levitati
782 1849 984 1900 sententiarum
1002 1853 1028 1897 et
1046 1849 1256 1916 compositionis
1273 1848 1362 1900 licmtio

182 1929 213 1980 ia
230 1922 327 1994 quitus
345 1919 399 1972 sibi
412 1917 543 1988 placeant
560 1922 731 1971 recentiores.

253 1994 385 2050 27-29.
422 1989 548 2046 Materno
576 1994 676 2044 iterum
699 1997 816 2064 rogante
833 1989 954 2046 Messala
977 1997 1085 2046 tramit
1102 1991 1142 2048 ad
1156 1992 1324 2064 septimio
1339 2005 1362 2040 ca

181 2086 228 2124 sas
245 2073 392 2134 corruptae
410 2065 598 2138 eloquentiae,
626 2070 735 2134 primae
752 2083 814 2117 uero
841 2071 867 2116 et
883 2067 1047 2134 praecipuae
1064 2072 1149 2136 putat
1166 2065 1300 2122 desidiam
1316 2067 1362 2116 ian

182 2145 252 2195 tutis
270 2147 298 2192 et
314 2139 518 2209 negligentiam
533 2145 683 2206 parentum
709 2145 737 2190 et
762 2141 938 2191 inscientiam
959 2142 1193 2209 praecipientisan
1212 2149 1239 2193 et
1256 2142 1362 2194 morito

182 2218 256 2285 tiqui
273 2213 445 2266 obliuionem.
482 2209 594 2264 Liberos
622 2213 697 2264 enim
715 2228 773 2264 non
791 2213 912 2280 amplius
930 2211 1043 2266 educari
1059 2216 1089 2266 in
1108 2217 1218 2284 gronio
1236 2232 1270 2266 ac
1285 2217 1362 2268 sinat

80 2323 86 2336 ,
182 2297 242 2344 stae
268 2287 370 2340 matris
396 2291 446 2338 aut
463 2302 482 2336 a
497 2287 655 2354 propinqua
671 2289 777 2338 maiore
795 2293 884 2346 natu,
917 2285 967 2340 sed
983 2285 1132 2340 Graeculae
1150 2288 1271 2342 unditus
1287 2285 1362 2355 delegi

183 2369 209 2414 et
226 2361 324 2418 seruis,
353 2376 372 2410 a
395 2357 491 2428 quitus
508 2361 596 2410 teneri
613 2375 704 2410 eorum
725 2357 954 2429 arsimisahulis,
983 2361 1120 2412 erroribus
1139 2364 1269 2432 vitiisque
1288 2357 1361 2412 intus

184 2443 238 2490 tur·
280 2433 413 2490 30-32.
439 2429 593 2484 Eorundem
618 2431 761 2502 ingenium
780 2450 854 2494 reon,
882 2438 914 2486 ut
931 2431 1081 2504 quondam,
1111 2450 1204 2486 seuera
1221 2433 1358 2502 disciplina

184 2509 299 2578 infinito
317 2505 408 2558 labore
427 2511 454 2556 et
471 2503 637 2575 quotidiana
653 2505 833 2558 meditatione
856 2511 882 2558 et
909 2509 940 2558 in
958 2512 1035 2562 omni
1050 2523 1149 2575 genere
1165 2507 1319 2562 studiorum
1336 2521 1361 2555 es

183 2579 364 2636 citationibus
375 2573 505 2644 formari
521 2585 603 2650 atque
620 2577 734 2649 subigi,
766 2577 815 2632 sed
838 2583 868 2632 in
889 2582 1016 2648 pueritia
1035 2587 1063 2631 et
1081 2581 1223 2632 iuuentute
1242 2577 1315 2634 nihil
1329 2576 1361 2628 dis

183 2655 351 2727 quod'usarn
368 2649 475 2704 habeat.
513 2649 589 2704 ltine
614 2656 762 2722 antiquam
786 2653 971 2722 eloquentiam
994 2669 1026 2704 ea
1044 2657 1168 2706 omnium
1185 2670 1279 2706 runem
1296 2656 1361 2704 scien

180 2727 360 2800 pluribusque
386 2723 495 2778 wtilus
519 2723 668 2778 exundasse
691 2733 717 2776 et
735 2731 873 2779 orsaorem
888 2731 1010 2794 potuisse
1028 2726 1060 2780 de
1078 2731 1156 2779 omni
1174 2731 1361 2796 quaestionep

184 2801 245 2858 chre
264 2807 290 2852 et
308 2804 405 2850 ornate
423 2805 450 2850 et
467 2800 573 2866 copiose
591 2804 617 2848 et
643 2802 719 2850 sarie
747 2805 774 2850 et
795 2797 834 2850 ad
850 2799 1068 2868 persuadendam
1091 2808 1157 2870 apte
1174 2801 1285 2864 dica-es
1316 2795 1361 2862 ἢθη

183 2894 245 2930 vero
263 2881 417 2940 temporum
435 2869 566 2931 disertos,
600 2871 687 2924 arietis
713 2869 853 2924 rhetorum
875 2877 1031 2941 praeceptis
1055 2873 1242 2944 artificiisque
1258 2869 1361 2934 serati

184 2953 238 3002 ms's
256 2950 412 3004 contentos,
430 2944 645 3014 grammatices,
664 2945 755 3014 legum
773 2952 799 2996 et
813 2941 1005 3016 philosophiae
1024 2949 1141 3017 ignom
1159 2964 1224 3000 esse.

255 3016 387 3076 33-35.
424 3013 553 3068 Materno
566 3013 664 3069 deinde
682 3015 811 3070 hortante
827 3017 948 3072 Messala
972 3019 1212 3090 progreditur-ad
1238 3021 1327 3074 aliam
1353 3029 1361 3066 c

185 3100 283 3163 ruptae
301 3091 466 3160 eloquaetiae
484 3105 614 3152 causam,
644 3087 682 3141 ced
706 3094 835 3144 eximiam
860 3096 1038 3162 antiquorum
1056 3099 1199 3146 cratonem
1217 3101 1247 3145 et
1261 3107 1337 3162 perae

185 3169 363 3220 recentiorum
381 3165 609 3216 exercitationem.
646 3161 757 3216 quenes
775 3161 859 3228 dicit,
879 3167 996 3220 imhatm
1015 3169 1073 3219 iam
1090 3166 1240 3219 domestica
1259 3163 1356 3232 discipl

185 3239 303 3294 honestis
321 3231 421 3290 studiis
439 3231 557 3302 rqiertos
577 3253 610 3288 ac
627 3235 690 3288 hene
709 3245 911 3306 praepwatos,
943 3257 962 3292 a
981 3245 1065 3308 patre
1089 3241 1156 3294 clun
1182 3242 1228 3294 uel
1248 3241 1336 3308 prop'

178 3309 274 3382 juisse
292 3307 416 3362 deductos
435 3307 475 3362 ad
488 3313 628 3379 principes
646 3315 807 3372 oratorum,
825 3328 891 3382 quos
909 3315 1009 3366 sectati
1025 3315 1056 3365 in
1075 3313 1200 3372 iudiciis,
1218 3307 1296 3380 soro
1315 3325 1359 3364 con

185 3388 314 3456 nilusque
331 3398 455 3454 pugnare
474 3385 503 3436 in
522 3387 584 3454 ipsa
603 3382 690 3436 ueluti
707 3399 793 3438 arena
810 3389 905 3440 etacie
918 3383 1096 3450 didicissents
1114 3393 1147 3438 at
1166 3403 1244 3440 nunc
1261 3385 1360 3438 edocati

185 3457 361 3529 depravatos,
393 3457 493 3508 inscios
520 3474 553 3508 ac
572 3463 712 3524 torpentes
736 3461 858 3510 transire
882 3463 914 3511 in
939 3457 1080 3512 rhetorum
1106 3457 1232 3520 scholas,
1264 3461 1297 3510 in
1324 3469 1360 3528 qut

184 3531 237 3584 deso
260 3531 443 3584 materiarum
466 3546 584 3598 genera,
611 3531 752 3582 suasoriae
771 3539 797 3584 et
822 3537 1037 3593 controuersiae,
1060 3538 1234 3596 tractentur,
1259 3549 1312 3586 nec
1329 3527 1360 3598 fe

139 3665 142 3674 q
185 3605 303 3664 diteris,
322 3609 448 3656 attumne
466 3603 539 3655 locus
558 3605 628 3672 ipse,
653 3621 690 3658 an
709 3619 796 3674 genus
814 3605 984 3668 studiorum,
1009 3625 1047 3660 un
1065 3605 1253 3674 condiscipuli
1267 3605 1360 3673 ploos

186 3679 309 3750 ingeniis
327 3669 457 3742 afferant.

221 3799 222 3807 ,
259 3747 327 3818 [llic
346 3745 482 3800 Messalae
501 3761 596 3800 senno
615 3747 736 3802 mutilus
755 3755 814 3802 est:
852 3765 919 3803 eum
946 3765 1017 3806 vero
1046 3749 1094 3804 rel
1113 3749 1169 3804 duo
1188 3749 1267 3818 alii,
1298 3751 1360 3806 Sea

187 3830 216 3878 et
233 3818 373 3881 Materni,
399 3818 547 3889 excepisse
566 3817 722 3886 videntur,
750 3821 800 3875 rel
818 3819 923 3876 unicus
941 3823 1083 3891 Materni,
1115 3821 1247 3878 internis
1268 3833 1360 3892 carru]

187 3891 369 3966 eloquentiae
397 3889 506 3958 causis,
544 3889 579 3943 ab
598 3893 693 3946 unico
711 3893 743 3946 in
762 3892 892 3948 medium
911 3895 1048 3966 prolatis,
1084 3903 1218 3950 enerues
1240 3903 1360 3952 annecte

187 3975 216 4022 et
234 3965 354 4038 quidem
372 3963 455 4034 hess]
500 3967 545 4020 36.
565 3967 609 4020 37.
637 3965 669 4030 a)
691 3963 851 4021 Uheriorem
869 3967 908 4020 ad
922 3969 1066 4023 dicendum
1083 3971 1235 4024 materiam
1250 3969 1347 4039 saitae

185 4041 292 4095 toribus
309 4042 446 4108 antiquis,
464 4037 634 4106 splendorem
652 4055 743 4094 rerum
761 4047 787 4094 et
805 4041 1029 4114 magnitudinem
1046 4059 1205 4104 causarum,
1227 4044 1306 4116 leges
1325 4057 1360 4114 roff

185 4115 236 4169 das
259 4123 286 4168 et
306 4113 441 4184 populare
464 4129 577 4171 nomen,
612 4115 751 4166 wndoaes
780 4117 1017 4185 magistratuum,
1053 4119 1246 4172 accusationes
1270 4117 1360 4188 poteri

186 4205 293 4240 reorum
312 4193 339 4238 et
357 4187 515 4254 assignatas
534 4187 621 4237 etiam
639 4183 960 4250 natantianatantia,
984 4207 1130 4260 procerum
1140 4185 1297 4258 factiones
1317 4197 1343 4240 et

186 4261 241 4313 dua
258 4265 370 4313 ¹screatus
388 4255 515 4308 aduersus
532 4257 634 4325 plebem
653 4261 817 4313 certamina.
861 4260 894 4332 p)
921 4259 1031 4316 Maiora
1056 4261 1152 4318 iisdem
1175 4269 1320 4334 praemia
1340 4257 1359 4330 J

182 4336 347 4405 proposita,
372 4327 520 4398 faciliores
554 4329 595 4382 aa
621 4348 743 4384 summos
764 4330 878 4388 honores
905 4333 998 4390 aditus
1021 4335 1176 4408 eloquentia
1196 4335 1359 4406 patefacta

183 4407 248 4478 plus
266 4403 343 4475 apud
356 4405 494 4473 principes
512 4409 540 4456 et
566 4405 753 4475 magistratus
776 4407 967 4476 provinciales
983 4413 1107 4481 gratiae,
1125 4407 1202 4477 apud
1210 4407 1321 4465 Patres
1340 4429 1359 4461 a
