2756 4792
465 209 608 278 saror
629 212 699 278 xa.
937 167 942 178 ’
979 257 981 266 ,
1135 215 1196 282 scs

23 384 70 434 Nan
83 383 237 452 palaestrae,
257 379 306 434 ubi
326 385 502 434 armentur
520 380 658 447 iuvenes,
686 379 897 436 mantuanus
914 399 931 436 a
949 381 1055 436 muscis
1074 387 1198 452 propter

21 457 86 508 clam
101 465 124 508 et
139 456 293 508 maican.
332 453 389 506 ilic
414 469 485 506 vero
510 453 594 508 iocus
621 461 664 508 ast
689 471 724 508 ex
753 453 890 528 ambiguo
909 473 927 508 a
944 455 1087 524 palaestra
1114 453 1196 509 foeda

21 527 134 580 uniunt
150 530 178 580 in
196 527 371 598 palaestram
388 521 577 611 pupmosssrjs.
615 528 768 581 Praeterea
791 527 979 597 proverbium
1007 535 1051 582 est
1075 527 1196 582 deloco

20 599 96 654 meno
111 610 134 654 et
150 616 255 654 menae
275 597 459 664 solitudinis,
485 598 526 652 ibi
544 616 582 654 ne
600 617 731 654 muscam
750 599 868 668 quidem
887 601 975 654 esss.’'
993 628 1031 642 —·
1061 605 1198 670 amimam

17 679 37 724 ta
48 680 177 741 praesentia
194 677 314 738 naute,
333 690 363 724 v.
381 671 417 724 ad
436 687 498 741 cap.
517 676 561 728 31.
582 690 613 726 n.
632 676 660 729 7.
679 701 716 714 -
747 691 876 743 reponere
894 673 1006 734 odiam,
1025 672 1197 738 recondere,

17 746 151 812 etdiffsne,
167 747 253 800 donec
271 749 390 814 impetos
402 743 503 811 soreos
521 753 547 798 et
557 743 646 814 semor
663 750 796 800 κινείτω
814 749 1008 818 tmgcacsm,
1025 764 1053 798 v.
1071 745 1108 800 ad
1123 746 1196 800 Anu.

17 817 88 884 2.77,
104 826 123 875 1.
139 849 171 861 -
190 825 278 874 etima
296 827 373 878 tam,
393 817 450 892 leg.
470 822 639 885 utimum,-
657 819 724 874 Era.
763 818 820 874 Sed
838 837 865 872 v.
886 819 923 872 ad
940 817 1017 872 Anu.
1037 823 1071 885 1,
1089 823 1117 886 3,
1135 821 1162 874 2.

431 998 625 1055 catur
672 999 730 1054 XL.

68 1112 158 1212 Igitur
184 1112 402 1198 triumphalia
432 1121 628 1174 ornamenta
659 1121 692 1174 et
713 1113 854 1175 illustris
876 1120 1005 1176 statuae
1025 1113 1199 1192 honorem,

16 1196 188 1280 ctancquid
214 1217 278 1281 pro
308 1197 480 1280 triumpho
509 1193 628 1276 datus,
664 1199 768 1260 multu
788 1197 971 1261 verborum
993 1197 1122 1260 honore
1143 1217 1200 1260 cn-

16 1281 97 1342 uolata
114 1281 244 1344 decerni
266 1284 302 1342 in
323 1289 441 1342 senatu
457 1279 568 1356 inbet3
590 1276 733 1364 addique
755 1283 894 1364 insuper
914 1281 1117 1364 opinionem,
1139 1279 1201 1362 Sy-

15 1363 70 1422 n'an
84 1367 282 1447 provinciam
302 1364 479 1449 Agricolae
501 1361 678 1435 destinari,
713 1385 853 1448 vacuam
886 1373 957 1426 tum
978 1373 1086 1428 morte
1106 1367 1201 1430 nulii
1234 1411 1237 1416 -

13 1442 61 1508 tufi
82 1450 257 1512 maculeris
286 1456 320 1512 et
350 1449 533 1510 maioribus
562 1457 777 1512 reservatam.
823 1445 1005 1510 Credidere
1034 1449 1200 1532 plerique,

13 1527 125 1594 libertum
144 1553 182 1596 er
205 1533 443 1594 secretioribus
464 1533 677 1612 ministeriis,
699 1533 838 1597 missum
861 1529 905 1592 ad
924 1531 1125 1618 Agricolam,
1146 1553 1200 1594 co·

11 1607 119 1692 dicillos,
139 1617 262 1698 quibus
284 1617 316 1676 ei
337 1611 440 1694 Syria
460 1611 621 1691 dabatur,
643 1617 760 1678 balisse
781 1635 857 1678 cnm
878 1624 1076 1698 praecepto,
1098 1623 1148 1694 nt,
1171 1619 1200 1678 sl

11 1693 197 1760 inbritaunia
217 1701 325 1776 soret,
354 1695 589 1775 traderentur,
613 1715 762 1779 eumque
783 1699 940 1760 libertum
962 1699 1030 1758 ini
1056 1716 1091 1758 so
1113 1699 1200 1759 freto

11 1769 95 1842 Oceani
111 1783 248 1846 obvium
269 1779 463 1880 Agricolae,
485 1800 527 1842 ne
548 1781 712 1925 appellato
734 1778 869 1864 quidem
891 1797 950 1858 eo,
973 1777 1016 1840 ad
1069 1782 1201 1843 omitia-

10 1879 62 1920 tum
79 1883 252 1940 remeasse;
285 1885 357 1928 save
377 1881 498 1926 verum
519 1865 588 1926 istu
618 1910 628 1943 ,
656 1867 727 1928 sive
756 1884 796 1926 ex
817 1863 952 1950 ingenio
973 1861 1139 1946 Principis
1161 1865 1200 1927 fi-

10 1949 69 2006 dum
86 1968 119 2012 ac
139 1951 362 2032 compositum
391 1956 449 2012 est.
503 1945 706 2010 Tradiderat
735 1947 872 2010 interim
893 1945 1050 2032 Agricola
1070 1942 1201 2012 sueces-

8 2030 52 2088 cri
69 2051 119 2094 suc
145 2034 359 2116 provinciam
380 2033 526 2116 quietam
546 2039 736 2112 tutamque:
765 2051 804 2094 ac
824 2051 866 2094 ne
887 2027 1042 2094 notabilis
1064 2033 1201 2096 celebri-

8 2113 51 2171 tate
66 2123 93 2176 et
109 2118 298 2199 frequentia
317 2118 569 2178 occurrentium
590 2117 751 2178 introitus
772 2125 870 2194 esset,
889 2117 996 2179 vitato
1017 2117 1202 2180 amicorum

8 2196 100 2277 abab,
119 2209 222 2262 noem
243 2203 280 2262 in
302 2198 443 2278 Urbem,
466 2208 569 2260 noctu
590 2202 627 2261 in
649 2201 825 2282 palatium,
857 2201 906 2260 ita
925 2207 965 2261 ut
984 2209 1200 2282 praeceptum

10 2287 69 2356 ml,
93 2287 200 2355 venit3
231 2292 454 2368 exceptusque
475 2284 572 2346 brevi
594 2285 706 2345 osculo
738 2291 771 2346 et
792 2285 883 2344 nullo
906 2303 1060 2347 sermone
1080 2285 1202 2347 turbae
1259 2349 1263 2358 ,

7 2367 183 2431 sevientium
208 2369 380 2429 immixtus
402 2375 460 2430 est.
519 2364 677 2430 Ceterum
706 2375 746 2429 ut
766 2369 912 2430 militare
934 2387 1076 2448 nomen,
1099 2389 1203 2456 grave

8 2443 65 2507 inter
81 2453 222 2532 otiosos,
250 2453 325 2513 aliis
346 2451 530 2516 virtutibus
550 2459 771 2536 temperaret,
804 2451 1081 2535 tranquillitatem
1103 2461 1202 2536 atque

7 2531 78 2594 vdua
102 2539 237 2620 penitus
259 2537 370 2616 auxit,
399 2535 491 2598 cultu
518 2533 691 2614 modicus,
717 2555 869 2598 sermone
898 2537 1024 2615 facilis,
1053 2545 1203 2598 uncant

7 2611 77 2706 ditm
101 2623 286 2682 amicorum
314 2622 510 2694 comitatus3
539 2617 622 2683 adeo
650 2627 690 2682 ut
720 2619 890 2702 plerique,
923 2619 1044 2700 quibus
1066 2639 1203 2706 magnos

7 2711 67 2760 rm,
83 2722 141 2785 per
160 2705 378 2766 ambitionem
399 2706 666 2767 aestimaremus
689 2711 754 2782 est,
782 2705 856 2766 viso
884 2710 1084 2786 aspectaque
1103 2703 1203 2790 Agri-

7 2781 63 2862 ωΙᾶ,
81 2796 282 2868 quaererent
301 2789 443 2868 famam,
466 2790 565 2870 pauci
586 2791 902 2870 interpretarentur.

52 2921 70 2970 ¹-
111 2923 302 2992 triumpbab'a
327 2931 495 2978 ammenta
523 2931 550 2977 et
572 2925 694 2978 illustris
720 2930 830 2978 nanae
854 2921 985 2976 bonorem
1006 2928 1079 2988 cet,
1111 2939 1139 2976 v.
1165 2923 1203 2976 ad

7 2985 53 3040 Μ
69 2996 97 3056 l,
114 2997 166 3061 72,
188 3001 216 3052 1.
242 3005 272 3050 et
295 2999 327 3060 d,
355 3001 453 3064 23,1.
490 3004 615 3052 unctas
642 2996 705 3052 edd.
733 3004 799 3050 ante
826 2995 919 3050 Rben.
948 2999 975 3052 2.
1001 3023 1038 3034 -
1073 2995 1207 3066 quioquid

7 3073 36 3124 lm
54 3069 186 3139 ltirmplco
212 3071 313 3130 dmm,
350 3069 576 3140 supplicationes
595 3078 625 3124 et
652 3069 814 3136 sacrificia,
853 3068 934 3122 ducis
953 3068 1072 3122 nomine
1091 3067 1203 3134 oblata,

7 3129 79 3188 Μὴ
102 3143 172 3196 coll.
194 3143 290 3198 Dione
309 3144 364 3210 sa,
385 3147 430 3200 21.
469 3144 569 3196 Malim
587 3143 718 3214 quicquid
733 3144 845 3198 referre
864 3142 900 3196 ad
919 3141 1036 3208 omnia,
1055 3157 1130 3210 quae
1150 3139 1206 3194 du·

7 3203 58 3260 ⁵3¹⁵
77 3229 127 3282 pro
158 3216 239 3270 iusto
262 3215 415 3286 triumpho
441 3215 561 3270 decerni
586 3216 725 3270 solebant.
764 3235 792 3268 v.
819 3215 856 3268 ad
880 3214 954 3268 Ano.
976 3220 1010 3280 1,
1030 3216 1085 3281 72,
1105 3217 1131 3268 1.
1167 3243 1205 3254 -

7 3280 66 3332 ulto
94 3291 238 3342 cerberum
268 3289 388 3351 bonore,
429 3289 526 3344 verbis
559 3289 661 3343 multis
695 3288 787 3358 iisque
815 3287 995 3342 honorificis.
1032 3287 1076 3340 ct
1104 3285 1141 3340 ad
1167 3286 1204 3342 ll.

7 3351 24 3410 l.
37 3358 85 3410 1110.
104 3364 129 3414 1.
148 3390 187 3402 -
207 3363 316 3417 boemi
335 3363 418 3424 iubet
437 3363 516 3431 quod
535 3363 623 3417 etiam
642 3361 732 3415 tradit
751 3362 808 3415 Dic
827 3364 873 3426 66,
893 3365 939 3418 20.
965 3359 1016 3412 ubi
1036 3376 1072 3414 ex
1090 3359 1205 3416 emend.

7 3419 90 3508 [facab.
120 3433 180 3510 leg.
210 3437 260 3500 soie
285 3438 430 3500 ἐπινικίους
456 3435 535 3506 τιμάς
560 3435 710 3510 uop’cdsot'i
736 3431 831 3490 τούτου
867 3437 920 3498 (sc.
948 3433 1126 3502 Aopscsosoa'i)
1155 3435 1204 3488 λα·

7 3493 103 3571 dfflpto
120 3509 200 3580 nopai
218 3507 268 3565 sot
296 3512 391 3571 Titos,
426 3509 505 3562 Ant.
525 3516 555 3564 et
572 3510 624 3561 Dr.
661 3509 777 3578 addique
801 3511 914 3576 insuper
934 3509 1115 3576 opinionem
1145 3505 1204 3590 leg.

7 3569 113 3644 dlituus
150 3581 228 3635 Mur.
259 3582 339 3636 Acid.
361 3583 424 3651 Rip.
454 3583 503 3636 Ob.
531 3581 648 3652 aliique.
704 3581 824 3648 „Bene,
861 3597 930 3634 nun
956 3578 1060 3650 opinio
1085 3595 1145 3634 non
1172 3595 1206 3632 m

7 3637 80 3720 witta
97 3652 206 3708 inferri
224 3656 318 3722 iussa,
353 3655 404 3710 sed
427 3673 492 3710 eam
516 3656 579 3725 ipse
606 3655 729 3725 sparsit,
762 3653 848 3720 fecit,
885 3659 919 3705 ut
946 3651 1084 3708 homines
1104 3651 1205 3721 opina·

7 3729 85 3800 aaut.
138 3729 239 3782 Potest
270 3735 370 3782 tamen
401 3729 556 3802 vulgatum
585 3727 737 3802 intelligi:
775 3726 860 3780 iussit
884 3727 1005 3796 insuper
1023 3723 1122 3800 spargi
1142 3724 1206 3795 cpi-

7 3799 117 3848 “lsstm-'’
134 3799 209 3854 Em.
248 3801 361 3868 lmmo,
379 3809 413 3854 ut
431 3800 640 3855 sensamentis
658 3800 839 3864 occultaret,
868 3799 944 3854 iubet
961 3797 1057 3852 verbis
1077 3796 1206 3866 quidem,

7 3859 36 3914 ”ff
48 3867 203 3947 ambiguis,
222 3875 375 3928 annuendo
395 3881 424 3928 et
442 3873 624 3928 assentiendo
643 3871 769 3928 decretis
788 3880 919 3938 senatus,
939 3879 973 3926 ut
990 3870 1098 3942 passim
1119 3873 1209 3924 iubere

7 3939 154 4022 bladardus,
187 3946 297 4000 Valet
335 3947 390 4014 Qui
407 3947 506 4000 omnia
524 3947 646 4000 simulat
665 3953 693 4000 et
711 3945 896 4011 dissimulat,
926 3943 1007 3998 iubet
1023 3943 1122 4018 potius
1141 3941 1207 3998 addi

7 4017 158 4094 ¹vulturem,
177 4019 215 4072 ab
233 4019 300 4073 aliis
318 4020 433 4094 spargi,
462 4036 549 4088 quam
568 4019 631 4090 ipse
650 4018 745 4084 addit3
773 4017 873 4074 reru.
892 4047 929 4060 -
968 4019 1081 4089 Syriam
1098 4022 1209 4086 proas'ss·

7 4093 62 4144 su,
76 4107 192 4146 nam
210 4095 251 4157 (v.
271 4091 309 4146 ad
327 4091 400 4145 dnn.
420 4097 455 4160 1,
474 4097 511 4159 3,
532 4097 557 4146 1.
578 4099 607 4146 et
624 4094 666 4158 2.)
693 4099 781 4146 morte
798 4093 887 4146 Atilii
904 4093 969 4162 Rufi
987 4091 1161 4154 contulerim
1180 4105 1207 4142 v.

7 4151 99 4213 *lna
119 4167 156 4230 ι,
176 4169 232 4230 aa,
251 4171 276 4221 1.
305 4165 559 4224 actitaturus.
587 4166 651 4235 rufi
669 4164 732 4218 Ber.
752 4163 843 4219 ahsa.
864 4170 888 4220 1.
909 4171 938 4219 ec
957 4181 1015 4218 rso.
1043 4157 1126 4229 suffr·
1144 4163 1207 4215 rut.

7 4229 80 4310 beses
96 4234 162 4291 Ilir.
191 4267 229 4279 -
265 4240 420 4294 maioribus
443 4247 622 4299 reservatam,
649 4237 720 4290 viris
740 4238 834 4314 magis
853 4239 1015 4314 dignitate,
1044 4233 1157 4289 meritis
1176 4249 1211 4288 ae

7 4297 116 4375 *fluvialis
133 4311 233 4386 gratia
252 4312 428 4382 conspicuis,
448 4313 613 4367 illustribus
631 4311 844 4379 nobilibusque.
864 4331 891 4364 v.
911 4309 947 4364 ad
961 4309 1036 4362 Anu.
1056 4308 1101 4374 15,
1119 4309 1166 4374 20,
1184 4310 1210 4360 1.

53 4381 76 4432 ²·
110 4381 256 4439 Credidere
274 4387 409 4457 plerique,
438 4405 466 4439 v.
487 4387 522 4441 ad
543 4386 615 4440 dnn.
636 4389 667 4452 3,
687 4387 731 4440 28.
751 4413 787 4426 -
821 4387 946 4439 libertum
970 4403 1002 4438 en
1019 4381 1211 4436 semotioribus
