2904 4802
502 193 646 314 orror
672 198 799 316 xxm.
1203 261 1266 328 us

27 419 82 472 sala
100 417 157 472 bic
178 419 289 490 repetit
306 417 427 472 nomina
446 417 587 486 quaedam
607 426 725 485 eorum,
764 433 836 487 quos
855 416 951 490 Aper,
983 415 1116 491 quamvis
1134 441 1192 480 non
1211 445 1264 482 no-

28 492 168 558 minarit,
191 491 330 546 innuebat
349 498 463 556 umen,
483 507 573 560 quum
592 491 627 545 de
645 495 769 562 antiquie
787 492 987 561 loqueretur.''
1014 495 1119 550 Sabata.
1157 499 1202 554 cf.
1228 502 1264 556 ad

27 582 48 616 a.
69 567 115 620 18.
136 583 171 616 n.
195 570 220 620 1.
240 597 273 607 -
297 565 374 634 Serg.
397 563 513 616 Galbam
531 563 597 618 Ald.
616 590 652 606 ··
676 569 704 618 si
720 582 788 634 quos
805 567 877 618 alios
896 571 1072 638 antiquorum
1090 575 1203 642 agitare
1222 579 1263 641 (v.

26 637 59 688 ad
79 654 107 688 c.
126 641 157 691 t.
179 655 210 690 n.
229 637 270 707 2.)
289 655 344 690 noa
362 636 471 690 destitit
489 653 527 688 sc.
546 635 634 706 Aper.
672 637 782 690 destitit
808 637 895 691 tacito
921 639 1036 709 Lipsius
1054 643 1184 697 restituit
1202 664 1218 700 e
1238 663 1263 700 c.

26 709 111 760 iarn.
142 727 176 761 v.
199 711 236 762 ad
255 727 281 762 c.
301 715 326 764 1.
345 727 376 760 n.
395 713 421 764 3.
459 710 503 763 lta
531 709 620 762 etiam
646 709 709 762 edd.
738 707 816 779 Spir.
838 718 867 764 et
885 727 944 764 rec.
975 713 1088 768 desistit
1111 717 1174 770 edd.
1199 719 1262 772 Put.

26 781 88 833 llis.
108 781 183 833 Ber.
200 782 293 835 Rhen.
311 789 381 847 tres,
401 781 467 834 Ald.
478 781 581 834 hano.
598 779 662 834 Col.
676 781 756 835 Brot.
775 781 827 834 Dr.
864 784 931 836 Non
949 785 1034 840 video
1055 805 1154 858 quare,
1173 807 1263 859 quum

27 863 53 906 et
77 853 226 908 mutasses
251 855 288 908 sit
312 870 415 924 supra3
442 853 512 906 Em.
549 853 664 920 „Probo
692 854 806 908 desistit.
844 856 912 909 Non
939 857 1017 910 enim
1044 861 1181 915 continua
1200 879 1264 918 ora·

27 929 115 991 tione,
135 927 196 980 sed
213 927 303 980 semel
321 934 435 978 tantum
453 925 587 980 Laelium
607 933 636 979 et
655 925 776 979 Galbam
794 925 874 997 Aper
891 929 1054 1002 agitaverat
1072 947 1096 986 o.
1116 937 1158 990 18.
1192 936 1264 989 Mes·

27 999 83 1050 sala
102 999 277 1075 significat,
305 1017 389 1068 saepe
409 999 498 1052 etiam
516 998 586 1052 alias
606 999 638 1050 in
655 995 711 1050 hac
730 999 920 1068 antiquorum
939 1003 1132 1078 exagitatione
1150 1005 1263 1076 Aprum

27 1071 74 1123 sibi
95 1073 282 1142 placuisse.'’
301 1071 465 1124 Raucbsnst.
503 1071 548 1124 lta
571 1087 642 1124 vero
670 1071 777 1125 destitit
802 1089 862 1126 non
880 1074 977 1127 minus
996 1083 1098 1146 aptum
1117 1095 1203 1148 quam
1221 1081 1264 1132 ds-

26 1149 112 1196 ss'stit.
134 1173 176 1185 -
205 1164 262 1198 aar
280 1149 379 1215 erigit,
398 1143 556 1209 desiderat,
575 1143 745 1212 defensorem
763 1144 826 1198 scil.
845 1143 920 1212 hoc,
938 1147 1016 1216 prod
1035 1147 1156 1204 Galbam
1176 1152 1263 1207 alios·

27 1234 78 1284 que
100 1217 301 1286 antiquorum
319 1217 428 1340 afluat,
455 1215 516 1268 Scb.
556 1215 637 1269 Cani.
662 1216 699 1269 ad
724 1233 748 1270 c.
767 1219 812 1273 24.
840 1235 869 1270 n.
887 1221 914 1272 2.
952 1219 1159 1286 „Heumannus
1184 1241 1262 1278 corr.

27 1295 103 1359 erigo
123 1290 315 1357 miraturque
355 1289 544 1344 uomendum
562 1295 621 1340 tam
635 1287 686 1340 diu
704 1287 753 1342 hic
771 1287 903 1344 haesisse.
942 1291 999 1346 Sed
1015 1294 1154 1348 mendum
1174 1295 1261 1364 illud,

27 1361 148 1431 siquid
170 1377 228 1437 ego
246 1361 352 1426 video,
386 1361 504 1414 nullum
523 1368 572 1414 est.
610 1360 675 1414 Non
693 1366 784 1432 erigit
801 1361 969 1433 defensorem
988 1367 1116 1436 explica:
1150 1367 1180 1420 id
1204 1371 1263 1425 tale

28 1451 82 1486 non
105 1442 168 1497 est,
203 1441 238 1486 ut
256 1433 389 1504 pluribus
408 1441 511 1488 contra
530 1433 608 1485 illud
626 1433 741 1487 defendi
761 1451 832 1504 opus
851 1437 891 1490 sit
909 1436 978 1490 illos
997 1438 1094 1506 viros;
1125 1456 1184 1493 non
1203 1445 1264 1495 exi-

26 1509 84 1580 git,
122 1513 156 1558 ut
186 1506 382 1560 defensionem
407 1507 528 1560 illorum
546 1504 700 1560 hominum
720 1507 905 1576 suscipiam.”
931 1509 1077 1582 Wopkens.
1113 1511 1262 1583 Suspicari

25 1589 125 1633 tamen
144 1580 260 1648 possis,
281 1579 313 1631 id
329 1579 471 1634 excidisse
489 1585 555 1649 post
573 1578 685 1632 destitit
703 1579 751 1633 vel
769 1583 869 1650 erigit.

481 1758 675 1815 cetur
716 1761 815 1816 xxvt.

113 1887 279 1952 Ceterum
301 1889 346 1968 si,
367 1889 490 1950 omisso
512 1891 638 1972 optimo
659 1889 716 1952 illo
737 1897 771 1952 et
791 1891 1033 1974 perfectissimo
1054 1913 1176 1980 genere
1196 1897 1267 1958 elc-.

27 1975 209 2058 quentiae,
232 1971 380 2060 eligenda
401 1974 445 2032 sit
465 1975 574 2035 forma
595 1971 746 2050 dicendi3
767 1976 881 2036 malim
901 1975 1038 2040 hercule
1060 1977 1097 2042 C.
1119 1977 1262 2042 Gracchi

27 2061 197 2141 impetum
219 2066 279 2118 aut
298 2055 336 2116 L.
359 2053 472 2117 Crassi
493 2058 736 2136 maturitatem,
769 2077 868 2139 quam
896 2060 1100 2124 calamistros
1129 2060 1263 2126 Maece-

28 2145 116 2203 natis
144 2147 207 2202 aut
232 2143 374 2202 tinnitus
404 2137 576 2201 Gallionis.
619 2137 713 2202 Adeo
734 2141 873 2220 melius,
899 2152 1068 2206 oratorem
1097 2146 1150 2208 vel
1173 2146 1263 2208 hirta

28 2236 108 2312 toga
136 2221 299 2303 induere,
341 2243 441 2306 quam
470 2225 590 2285 fucatis
620 2231 653 2285 et
681 2226 882 2286 meretriciis
911 2229 1060 2291 vestibus
1089 2230 1261 2315 insignire.

30 2309 153 2391 Neque
177 2310 267 2368 enim
289 2309 457 2368 oratorius
478 2309 560 2386 iste,
589 2309 690 2369 immo
701 2349 711 2380 ,
742 2307 897 2388 hercule,
924 2330 967 2372 ne
997 2312 1107 2374 virilis
1128 2311 1262 2395 quidm

30 2395 143 2454 cultus
168 2399 241 2470 est,
263 2409 329 2472 quo
349 2391 501 2474 plerique
522 2399 711 2474 temporum
732 2399 924 2454 nostrorum
945 2404 1074 2458 actores
1094 2397 1141 2456 ita
1161 2405 1262 2459 utun-

30 2487 107 2554 tur,
139 2482 182 2535 ut
209 2474 345 2536 lascivia
373 2474 555 2536 verborum
587 2482 621 2535 et
653 2475 787 2537 levitate
817 2478 1056 2540 sententiarum
1077 2487 1111 2539 et
1129 2480 1262 2542 lieentia

30 2559 284 2642 compositionis
305 2557 515 2620 histrionales
537 2555 652 2618 modos
673 2560 876 2640 exprimant:
901 2558 1056 2643 quodque
1069 2563 1128 2624 vix
1143 2561 1262 2626 auditu

29 2647 75 2704 tas
111 2661 191 2704 esse
219 2638 355 2720 debeat,
385 2639 493 2702 laudis
523 2648 557 2702 et
590 2641 716 2724 gloriae
746 2649 779 2703 et
799 2643 926 2728 ingenii
947 2644 1020 2704 loco
1041 2645 1192 2727 plerique
1213 2649 1262 2708 ia-

29 2733 140 2796 mant,
172 2725 303 2784 cantari
332 2724 512 2804 saltarique
543 2724 790 2785 commentarios
817 2745 902 2786 suos.
952 2725 1047 2788 Unde
1073 2729 1186 2790 oritur
1205 2731 1262 2792 illa

30 2807 128 2870 foeda
163 2817 198 2869 et
226 2816 456 2890 praepostera,
487 2804 545 2868 bed
574 2815 685 2869 tamen
706 2811 862 2891 frequens
884 2808 1081 2892 quibusdam
1102 2813 1262 2875 exclama-

1 2937 2 2970 ,
30 2896 97 2971 tio,
126 2899 171 2954 ut
197 2899 347 2954 oratores
376 2891 485 2952 nostri
506 2903 618 2952 tenere
638 2891 764 2972 dicere,
795 2892 975 2955 histriones
997 2895 1117 2955 dherte
1137 2897 1262 2958 saltare

29 2975 200 3036 dicantur.
244 2972 405 3058 Equidem
433 2994 500 3036 non
531 2975 744 3061 negaverim,
778 2971 929 3038 Cassium
948 2973 1132 3058 Severum,
1162 3001 1261 3064 quem

31 3061 140 3120 solum
162 3057 256 3140 Aper
277 3066 390 3120 noster
411 3059 584 3120 nominare
605 3078 705 3120 ausus
729 3067 797 3139 est,
820 3062 849 3122 si
870 3059 923 3122 his
944 3069 1174 3146 comparetur,
1201 3066 1262 3147 qui

31 3151 145 3224 postea
158 3143 308 3222 fuerunt,
330 3149 607 3224 passecratorem
621 3143 746 3217 vocari,
769 3162 958 3226 quanquam
979 3145 1014 3204 in
1036 3157 1261 3232 magnaparte

31 3227 199 3287 librorum
232 3244 373 3288 suorum
432 3227 483 3286 lus
514 3227 566 3288 vis
601 3225 720 3288 habeat
758 3245 857 3308 quam
894 3229 1074 3315 sanguinis.
1103 3228 1260 3293 ¹Primus

31 3313 131 3388 enim,
155 3316 345 3392 contempto
366 3329 406 3371 or
432 3311 631 3388 horarum,
654 3310 774 3370 omissa
793 3308 954 3372 modestia
975 3329 1013 3371 ac
1033 3310 1164 3394 pudore
1183 3333 1261 3377 rer-

31 3393 176 3470 borm,
197 3393 278 3474 ipsis
300 3395 417 3472 etiam,
448 3391 567 3475 quibus
589 3393 718 3471 utitur,
745 3393 846 3453 arnus
876 3395 985 3454 incom
1011 3397 1114 3457 esitus
1137 3405 1170 3458 et
1190 3405 1260 3458 stu·

33 3475 85 3537 dio
107 3474 256 3538 feriendi
280 3477 476 3558 plerumque
498 3473 666 3554 deiectam,
688 3495 755 3536 non
776 3484 913 3562 pugnat,
935 3497 970 3540 se
1014 3479 1154 3540 rixatur.
1199 3477 1259 3540 Ce-

32 3571 166 3638 terum,
195 3567 235 3620 ut
263 3557 353 3640 dixi,
383 3560 596 3642 sequentibus
624 3566 833 3642 comparatus
862 3568 895 3622 et
914 3562 1076 3624 varietate
1097 3559 1259 3625 eruditio-

33 3647 81 3704 nis
103 3653 140 3705 et
162 3643 277 3724 lepore
297 3644 497 3705 urbanitatis
519 3651 552 3705 et
572 3644 723 3726 ipsarum
751 3644 877 3706 virium
898 3643 1022 3706 robore
1041 3645 1184 3707 multum
1206 3667 1261 3724 ce<

34 3737 119 3788 teres
149 3735 306 3808 superat3
344 3747 489 3808 quorum
514 3729 679 3788 neminem
706 3726 798 3808 Aper
831 3727 1006 3790 nominare
1038 3737 1071 3790 et
1100 3731 1193 3792 velut
1221 3732 1257 3792 in

34 3813 135 3872 aciem
158 3809 301 3872 educere
322 3813 491 3872 sustinuit.
533 3809 601 3896 Ego
622 3817 733 3871 autem
755 3809 1003 3892 exspectabam,
1026 3821 1084 3892 ut,
1105 3813 1256 3876 incusato

34 3893 150 3955 Asinio
172 3903 207 3956 et
229 3891 341 3956 Coelio
363 3903 396 3958 et
418 3892 535 3972 Calvo,
558 3891 649 3956 aliud
669 3911 794 3956 novum
815 3912 931 3978 agmen
954 3891 1157 3977 produceret
1183 3899 1258 3981 plu-

34 3997 154 4060 resque
173 3977 228 4040 vel
249 3987 340 4040 certe
361 3977 499 4040 totidem
519 3979 721 4054 nominaret,
751 3997 792 4038 ex
823 3977 942 4059 quibus
964 3978 1066 4039 alium
1090 3975 1255 4060 Ciceroni,

34 4063 133 4122 alium
164 4060 316 4140 Caesari,
353 4062 492 4146 singulis
518 4059 650 4122 demum
679 4061 826 4145 singulos
859 4078 1112 4142 opponeremus.
1154 4062 1256 4125 Nune

34 4144 233 4207 detrectasse
254 4147 450 4207 nominatim
470 4147 624 4228 antiquos
645 4151 795 4205 oratores
824 4148 998 4206 contentus
1019 4149 1184 4208 neminem
1205 4166 1256 4208 se-

34 4231 205 4311 quentinm
226 4226 364 4292 laudare
394 4249 495 4292 ausus
530 4235 580 4290 est
607 4228 673 4288 nisi
698 4228 733 4287 in
761 4226 931 4308 publicum
953 4237 986 4289 et
1006 4229 1041 4289 in
1064 4247 1254 4301 commune,

32 4315 177 4391 veritus,
212 4309 331 4391 credo,
369 4333 410 4376 ne
438 4313 560 4376 multos
588 4307 789 4390 offenderet,
818 4312 847 4372 si
875 4329 997 4394 paucos
1027 4314 1253 4394 excerpsisset.

34 4394 160 4476 Quotus
189 4397 279 4457 enim
310 4399 453 4481 quisque
481 4396 754 4461 scholasticorum
781 4413 848 4456 nou
876 4395 939 4456 hac
958 4413 1018 4457 sua
1040 4397 1254 4478 persuasione
