2756 4792
435 221 577 286 cssur
598 173 685 284 xus.
1068 301 1072 306 ι
1115 221 1175 285 su

25 401 72 434 utrm
84 387 185 440 retertur.
221 387 266 440 Of.
292 389 328 441 ad
349 389 391 442 ’1-1.
414 391 448 454 2,
466 349 521 453 59,
538 392 565 446 2.
602 397 631 444 et
657 388 755 445 saun.
781 387 820 440 ad·
843 385 966 454 Quintil.
990 390 1041 453 12,
1069 357 1120 450 11¹,
1146 389 1171 442 2·
1223 349 1226 356 ¹

19 456 129 518 ,tama
145 461 212 527 eius,
233 461 397 536 Agricolae.
420 481 446 513 v.
467 461 503 514 ad
522 479 584 531 cap.
606 467 648 518 1⁰.
670 480 698 514 n.
717 463 745 516 4.
773 463 871 531 passeis
889 462 950 514 rut.
971 464 995 514 1.

407 645 600 699 carur
641 644 716 698 xer.
787 619 790 626 ’

19 799 20 812 ¹
72 771 165 835 Crebro
183 794 242 858 per
263 793 319 856 eos
342 772 412 836 dies
434 773 523 859 apud
533 773 761 838 Domitianum
777 773 894 838 absens
916 779 1099 852 accusatus,
1121 775 1177 836 ab·

20 873 62 912 sens
76 855 214 920 absolutus
244 867 303 920 est.
355 855 461 920 Causa
487 861 629 943 periculi
657 879 722 920 non
746 861 871 920 crimen
892 859 998 920 ullum
1018 865 1077 918 aut
1097 879 1177 940 que-

21 938 59 996 rela
73 939 131 1000 laesi
149 943 356 1025 cuiusquam,
385 941 444 1004 sed
465 945 613 1005 infensus
634 943 817 1008 virtutibus
838 941 996 1025 Princeps
1017 949 1050 1003 et
1071 943 1178 1026 gloria

20 1021 58 1080 rin
71 1041 98 1082 ac
114 1027 276 1106 pessimum
296 1027 510 1090 inimicorum
531 1047 635 1114 genus
650 1065 665 1077 -
681 1025 863 1088 laudantes.
907 1025 949 1090 Et
969 1045 1008 1087 ea
1028 1027 1177 1088 insecuta

20 1113 64 1162 sut
78 1109 115 1168 rei
132 1111 271 1190 publicae
291 1119 459 1193 tempora,
498 1119 584 1192 quae
605 1112 697 1172 sileri
717 1109 908 1196 Agricolam
930 1129 996 1172 uon
1017 1113 1177 1172 sinerent.

19 1185 57 1246 Tot
71 1195 201 1256 exercitus
222 1197 257 1255 in
279 1192 409 1256 Moesia
431 1195 602 1278 Daciaque
631 1204 665 1256 ct
686 1192 863 1256 Germania
875 1202 918 1254 'et
939 1192 1108 1254 Pannonia
1128 1201 1178 1256 tc-

19 1273 115 1335 nnitate
133 1285 184 1338 aut
201 1297 263 1360 per
283 1280 450 1366 ignaviam
473 1277 595 1360 ducum
613 1279 740 1340 amissi:
763 1285 813 1338 tot
828 1277 989 1338 militares
1010 1279 1080 1342 viri
1101 1295 1175 1338 cum

19 1359 45 1410 bt
58 1357 213 1422 cohortibus
235 1363 413 1449 expugnati
437 1369 469 1423 et
490 1364 592 1444 capti:
626 1381 686 1424 nec
712 1364 779 1424 iam
801 1359 842 1422 de
863 1361 974 1422 limite.
989 1361 1123 1444 imperii
1144 1367 1177 1422 et

19 1437 71 1516 ipa,
92 1440 138 1504 sed
164 1442 201 1506 de
228 1445 377 1508 hibernis
396 1446 574 1545 degionum
605 1455 638 1508 et
658 1447 865 1530 possessione
888 1443 1084 1506 dubitatum.
1129 1443 1181 1505 lta

19 1537 78 1606 pun
94 1523 193 1590 muna
214 1527 342 1592 damnis
364 1538 642 1592 continuarentur
668 1537 769 1612 atque
797 1529 904 1588 omnis
926 1547 1032 1590 annm
1053 1530 1181 1590 funeri-

19 1621 47 1662 us
61 1615 85 1665 et
102 1607 235 1676 cladibus
257 1615 498 1700 insigniretur,
529 1613 729 1696 poscebatur
758 1632 818 1673 ore
839 1613 932 1694 vulgi
955 1609 1020 1672 dux
1042 1611 1180 1698 Agrico-

19 1695 303 1774 numerantibus
332 1698 459 1760 cunctis
488 1699 522 1760 ν’
567 1717 656 1764 rem,
695 1697 913 1756 constantiam
943 1703 976 1756 et
1006 1703 1179 1778 expertum

19 1769 68 1830 stis
81 1778 209 1840 animum
230 1801 307 1842 cum
329 1783 449 1842 inertia
471 1717 702 1842 etldnnidine
717 1797 862 1841 reorum.
907 1778 1035 1860 Quibus
1057 1797 1182 1840 sermo-

19 1851 72 1913 ibus
92 1863 159 1922 satis
189 1872 319 1926 constat
347 1863 530 1925 Domitiani
561 1883 694 1946 masque
720 1883 819 1924 aures
852 1863 1065 1942 verberatas,
1101 1859 1181 1924 dum

19 1939 105 2014 nunus
128 1947 261 2030 quisque
289 1948 496 2010 libertorum
512 1968 624 2009 amore
647 1955 680 2009 et
707 1945 788 2020 fide,
820 1947 955 2029 pessimi
976 1945 1181 2032 malignitate

19 2021 123 2116 tlisore
147 2050 291 2112 pronum
324 2030 545 2109 deterioribus
577 2031 767 2114 Principem
805 2030 1070 2092 exstimulabant.
1123 2025 1181 2090 Sic

19 2105 112 2184 Quota
137 2115 229 2175 umal
262 2117 332 2176 suis
361 2115 562 2195 virtutibus,
590 2117 689 2177 simul
720 2113 813 2179 vitiis
842 2116 985 2177 aliorum
1015 2115 1051 2176 in
1072 2115 1179 2197 ipsam

19 2183 98 2252 briam
116 2216 270 2282 praeceps
291 2199 460 2281 agebatur.
1163 2223 1167 2232 “

51 2327 66 2374 l·
94 2327 179 2386 abeam
198 2341 345 2388 accusatas
355 2373 364 2398 ,
383 2335 477 2389 absens
497 2336 640 2390 absolutus
658 2344 700 2390 eat
719 2354 735 2388 a
753 2334 936 2396 Domitiano,
957 2334 1008 2403 qui
1026 2331 1178 2398 sentiebat,

19 2407 57 2447 ⁰²⁰1
71 2407 155 2472 turpes
173 2415 268 2460 essent
287 2404 342 2461 hae
361 2411 566 2473 accusationes,
594 2409 757 2462 caltunniae
777 2407 988 2478 clandestinaej
1018 2404 1123 2458 Walch.
1145 2433 1178 2446 -
1256 2399 1263 2408 “

19 2463 85 2530 testa
100 2479 247 2533 uirtutibus
267 2479 415 2550 Princeps,
433 2500 461 2534 v.
482 2483 518 2535 ad
538 2481 612 2534 Anu.
635 2487 667 2548 1,
686 2485 719 2548 8,
740 2485 783 2538 13.
803 2509 839 2520 -
864 2498 897 2532 ac
910 2483 1063 2550 pessimum
1083 2481 1180 2530 inimi·
1203 2527 1208 2535 .

19 2551 161 2616 mitem,
188 2551 354 2606 laudantes-¹
386 2571 491 2629 g'nome
511 2571 546 2608 ax
565 2555 636 2626 ipsis
655 2553 749 2624 adytis
767 2551 913 2606 humanae
932 2551 1025 2618 vitae,
1059 2551 1108 2604 cui
1134 2549 1179 2602 in·

19 2627 74 2680 rores
96 2622 257 2678 Mamertin.
287 2643 353 2695 pan.
378 2627 415 2678 ad
441 2627 548 2680 lulian.
569 2644 594 2680 c.
613 2629 640 2680 4.
665 2627 714 2678 ubi
739 2626 774 2678 de
794 2625 897 2676 aulicis
917 2623 1039 2676 dicitur:
1076 2623 1179 2676 callido

19 2689 76 2740 *ddi
88 2697 201 2766 artificio
220 2701 428 2752 armentariam
446 2701 591 2754 diritatem
610 2699 722 2753 laudum
741 2699 835 2750 stratis
845 2697 1026 2767 peragebant,
1045 2699 1075 2749 s‘n
1089 2700 1179 2749 omni·

19 2774 208 2842 terrentianus
226 2776 312 2842 quast
324 2791 377 2843 per
395 2773 607 2827 benevolentiam
633 2775 686 2826 illa
709 2777 861 2824 iactantes.-
893 2769 1022 2822 Iulianus
1046 2769 1180 2822 Aleman-

19 2837 167 2906 mauman,
200 2844 334 2900 Iulianus
356 2836 432 2900 urb'es
453 2847 562 2900 Galliae
580 2849 728 2908 excitarit,
759 2852 786 2898 et
806 2860 868 2914 cap.
887 2843 913 2898 5.
952 2841 1011 2896 Hae
1028 2859 1102 2894 ooces
1113 2839 1180 2910 sue-

19 2911 41 2956 at
56 2909 87 2962 ad
106 2917 313 2986 inflammanda
338 2918 401 2972 odia
426 2921 535 2988 probris
555 2919 682 2972 omnihus
696 2920 876 2988 potentiores.
914 2915 946 2968 δι’
971 2913 1043 2970 e'nim
1068 2919 1180 2969 cammi-

19 2983 132 3054 Μήνα
141 2992 268 3062 flagitia
286 2999 459 3056 tentassent,
485 2992 577 3062 facile
602 2996 663 3062 ipso
687 2992 831 3061 splendore
853 2989 945 3042 laudis
970 2995 998 3040 et
1014 2989 1121 3058 gloriae
1139 3007 1181 3041 re·

19 3055 123 3134 bamur:
140 3067 310 3118 invenerunt
328 3067 476 3120 accusandi
513 3084 592 3127 enas,
611 3065 685 3136 quod
700 3067 792 3120 nullus
810 3064 949 3134 refelleret
956 3081 967 3126 ς
981 3060 1061 3132 ΙΙιὶρι.
1100 3060 1179 3114 Hinc

19 3143 67 3216 ηφξο
89 3133 215 3192 lulianus
244 3138 279 3190 in
306 3155 350 3208 cp.
371 3141 415 3194 12.
436 3139 472 3192 ad
489 3085 578 3192 basil.
610 3138 745 3208 Σύνεσμεν
782 3138 816 3212 cip
843 3133 974 3205 ἀλλήλοις
996 3135 1029 3190 ου’
1047 3135 1112 3196 ussa*
1133 3136 1181 3226 τῇς

19 3205 239 3282 *utts'uosps'oessc
261 3205 362 3281 μόνης,
383 3199 416 3277 ἧς
440 3207 518 3283 οἶμαί
538 3231 568 3268 oe
584 3213 664 3284 μέχρι
683 3213 732 3265 τοῦ
756 3159 836 3286 debas
853 3209 1052 3281 πεπειρᾶσθαι·
1078 3207 1180 3272 καθήι

19 3275 113 3364 Γωῖῒῐές
132 3285 244 3347 μισοῦσι
266 3284 423 3349 τηλικοῦτον
442 3294 535 3356 μῖσος,
566 3284 661 3352 ἡλίκον
680 3281 743 3339 otta
767 3287 829 3348 sosia
845 3277 1071 3353 πολεμιωτάτους,
1100 3280 1177 3332 Brot.

19 3347 113 3468 ,1121411
139 3361 172 3423 1,
196 3361 256 3422 64,
277 3358 304 3412 8.
339 3355 487 3428 Theophr.
515 3355 600 3412 Char.
627 3357 664 3410 11.
698 3363 728 3410 et
752 3357 826 3411 Plut.
856 3355 892 3410 da
918 3353 1005 3406 discr.
1035 3351 1124 3406 amici
1151 3359 1180 3406 et

58 3436 110 3476 ons.

38 3511 56 3562 1
84 3519 157 3571 stlers'
174 3521 362 3591 Αςνίτοὶαηι,
380 3536 427 3572 res
446 3517 479 3572 ab
499 3534 531 3572 eo
551 3520 702 3589 praeclare
720 3518 753 3572 in
773 3517 923 3570 Britannia
937 3522 1031 3592 gestas
1051 3523 1080 3568 et
1095 3531 1178 3586 spem

19 3589 133 3664 tntum,
153 3607 230 3660 quse
251 3591 288 3646 in
306 3591 411 3646 Moesis
429 3592 555 3662 aliisque
574 3592 659 3646 terris
678 3599 797 3661 accepta
810 3594 912 3656 es'sent,
932 3587 1179 3642 restituendorum

25 3663 221 3727 ttpouendam.
242 3693 282 3705 -
313 3672 359 3717 tot
381 3669 515 3718 everritur
540 3669 570 3716 tn
593 3665 699 3718 Moesia
718 3672 773 3717 cet.
806 3680 844 3716 sc.
873 3665 905 3715 in
930 3661 1016 3716 bellis
1044 3659 1180 3714 adversus

19 3737 63 3804 '9⁸2
78 3735 212 3802 (quornm
231 3755 291 3791 rex
319 3736 493 3804 Decebalns)
520 3737 718 3791 Marcomanos
747 3743 776 3789 et
795 3735 907 3803 Quados
926 3753 949 3788 a.
970 3735 1006 3788 U.
1025 3735 1177 3790 aas-ata

19 3799 56 3848 ¹¹¹⁵·
80 3823 104 3857 v.
128 3807 164 3861 sd
188 3827 257 3880 cap.
279 3813 325 3867 36.
350 3827 378 3863 n
398 3813 424 3866 2.
458 3810 492 3864 G.
512 3813 556 3866 37.
583 3827 612 3862 n.
633 3813 677 3865 18.
708 3808 786 3862 Suet.
806 3808 889 3863 Dom.
910 3811 936 3864 6.
965 3806 1023 3860 Dio
1041 3809 1087 3863 67.
1106 3810 1131 3863 6.
1151 3809 1177 3862 7.

19 3859 56 3924 l⁰1·
70 3877 192 3936 lavensl.
212 3887 254 3948 4,
276 3886 339 3940 112.
372 3883 535 3936 Jornandes
554 3882 589 3935 de
608 3882 666 3936 reb.
687 3881 752 3936 Get.
773 3885 815 3937 13.
835 3881 958 3952 Eun-op.
978 3883 1013 3946 7,
1033 3881 1076 3935 15.
1098 3879 1178 3933 Oros.

27 3943 55 3995 ¹⁰·
73 3953 209 4030 sanga
237 3957 275 4007 in
296 3963 448 4010 comment.
476 3955 511 4008 de
537 3953 657 4008 Traiani
682 3953 808 4024 expedis.
835 3953 871 4007 ad
895 3953 1006 4008 Danub.
1031 3970 1060 4024 p.
1082 3955 1180 4009 136-

19 4009 36 4102 l·
56 4023 80 4074 ie
94 4023 175 4083 Misia
195 4029 266 4081 Vet.
289 4031 368 4086 3429.
407 4027 453 4080 Ex
479 4027 579 4081 eodem
597 4026 699 4096 recepi
717 4035 745 4080 et
762 4025 909 4085 Pannonia
927 4043 982 4098 pro
1001 4025 1082 4100 vulg.
1110 4025 1180 4079 Pass-

19 4099 634 4237 Ltttdtffkdtsttdttabtt
649 4098 1180 4236 ata-..ta„tanaceta

19 4233 146 4314 tltldque
164 4245 311 4318 experti,
331 4244 430 4308 duces,
450 4243 558 4319 legati,
577 4244 695 4310 tribuni,
713 4245 864 4314 praetecti,
884 4247 1082 4307 centris-iones,
1101 4243 1177 4296 Beck.
1263 4271 1267 4290 ι

19 4305 79 4363 ΙΙ44
95 4317 128 4370 ll.
155 4321 222 4373 biv.
243 4319 305 4382 35,
326 4319 370 4374 16.
405 4317 484 4371 Cort.
514 4315 551 4370 ad
577 4316 648 4370 Sall.
676 4316 737 4370 Cat.
756 4319 802 4372 45.
827 4321 872 4374 59.
910 4317 1006 4372 Dictio
1023 4317 1084 4374 os’rs'⁴
1098 4333 1180 4388 espu-

19 4383 169 4448 'lt'issolita
210 4392 301 4448 Hinc
318 4397 363 4444 tot
379 4392 515 4446 militares
533 4393 660 4456 namers',
688 4389 829 4458 Romani,
858 4407 923 4446 cam
951 4398 996 4446 tot
1023 4387 1179 4445 anonam
