2904 4802
485 199 630 266 CAPUT
648 187 720 265 XL
749 201 836 268 xm.
1214 203 1277 270 163

33 369 155 432 blicae,
188 367 342 424 Ciceronis
369 368 533 438 eloquentia
551 368 644 436 bona,
675 369 815 436 salubris,
840 369 929 424 utilis.
968 367 999 422 si
1017 371 1081 426 une
1099 370 1194 446 leges,
1223 367 1291 426 etsi.

33 441 61 491 id
87 441 200 494 minus
229 442 339 511 probo,
368 450 448 496 recta
477 441 598 496 exstabit
622 449 685 494 tum
711 459 827 512 quoque
845 441 990 498 sententia
1007 440 1095 498 haec:
1128 460 1183 498 nec
1202 443 1276 498 bene

32 515 150 566 henim
172 522 229 579 est,
250 513 530 580 (sanevebementer
547 514 706 568 dolendum
725 517 780 580 est)
800 515 878 584 quod
893 516 997 570 Cicero
1012 515 1118 568 famem
1139 515 1276 586 eloquen-

32 586 88 638 tiae
111 594 178 638 tam
200 589 315 640 funesto
335 588 416 642 exitu
432 591 562 658 pensavit
579 606 601 640 s.
621 587 754 642 redemit.
792 585 848 641 Sed
875 587 916 640 sic
942 587 1113 640 debilitatur
1137 607 1206 642 vera
1226 607 1277 660 op·

31 659 147 728 positio
167 659 252 713 inter
270 659 472 714 Gracchorum
491 675 610 730 pravam
630 668 658 714 et
672 659 931 714 Ciceronisionam
946 660 1153 729 eloquentiam.
1193 661 1275 716 Idem

31 731 84 796 ot,
108 731 168 783 ubi
189 734 317 786 retineas
328 732 472 802 sormam.-
490 749 549 786 non
565 733 643 786 euim
657 733 693 786 de
712 751 824 786 summa
842 733 1034 804 perfectionis
1046 731 1148 802 soemo
1165 741 1195 786 et
1213 751 1276 804 spe-

31 805 75 856 cie
95 802 155 856 hic
175 823 194 856 a
219 807 294 870 tur,
313 806 364 860 sed
382 806 418 859 de
437 807 515 858 laude
534 805 656 858 salubris
676 805 870 874 eloquentiae.
910 807 1033 859 Omnino
1052 814 1149 860 autem
1168 807 1276 860 nuum

31 885 92 936 est,
132 893 198 945 quo
245 879 373 953 bangius
396 879 473 949 apud
497 878 664 932 Dronkium
689 896 719 948 p.
738 879 853 932 XXVII.
873 878 965 944 dicit,
1001 879 1058 933 tati
1075 878 1221 950 respicere
1240 879 1277 932 ad

30 950 142 1013 hane,
175 959 210 1004 et
232 971 287 1008 non
312 955 371 1006 toli
392 955 468 1006 scita
493 968 553 1006 esse
571 951 611 1004 id.
632 951 679 1020 qd.
710 970 767 1005 non
785 953 854 1004 bono
872 956 953 1004 nitu.
992 953 1067 1006 Nam
1085 959 1119 1004 ut
1137 952 1277 1006 conceda·

30 1041 119 1088 mus,
144 1023 230 1092 quod
248 1025 345 1095 ipsum
363 1024 429 1078 fieri
448 1025 569 1094 nequit,
590 1023 772 1100 iungendum
788 1042 848 1079 esse
867 1043 915 1079 nec
932 1026 988 1076 tali
1005 1029 1099 1085 exito,
1119 1023 1276 1110 quomodo,

31 1112 163 1163 quaeso,
194 1105 259 1150 tum
285 1097 515 1167 interpretabere
541 1097 693 1166 pensavit?
728 1095 797 1162 Sic,
821 1105 909 1168 puto:
945 1104 974 1152 et
993 1096 1070 1150 tristi
1089 1104 1169 1151 exitu
1185 1097 1277 1150 bonae

31 1169 235 1236 eloquentiae
253 1187 359 1240 poenas
377 1169 434 1221 luit
453 1169 568 1224 Cicero.
606 1170 715 1222 Verum
739 1166 795 1222 hcc
821 1170 943 1222 minime
961 1167 991 1222 b.
1011 1169 1031 1222 l.
1062 1169 1201 1224 convenit
1221 1185 1276 1222 nec

30 1241 95 1293 ullo
128 1249 238 1295 rectae
266 1243 451 1318 cogitationis
475 1242 596 1295 vinculo
621 1247 687 1294 etin
705 1241 838 1311 praeced.
858 1241 1000 1318 iungitur.
1017 1264 1024 1289 x
1039 1242 1084 1296 Tu
1110 1259 1180 1296 vero
1209 1258 1277 1296 con·

31 1323 132 1366 strue:
163 1333 218 1367 nec
230 1321 357 1384 pensavit
376 1316 468 1369 Cicero
486 1318 542 1368 toti
560 1319 633 1368 exitu
644 1313 759 1383 famam
777 1315 864 1368 bonae
882 1319 1069 1386 eloquentiae5
1096 1314 1174 1384 quod
1192 1331 1277 1384 prae·

32 1395 128 1439 eunte
151 1385 247 1441 Gron
267 1389 310 1440 sic
330 1389 462 1458 explico:
489 1403 545 1440 uec
563 1389 638 1440 tanti
650 1387 727 1453 fuit,
755 1394 789 1439 ut
808 1387 913 1442 Cicero
932 1394 1088 1458 propterea
1106 1387 1277 1440 salubrioris

31 1460 235 1528 eloquentiae
252 1463 359 1514 famam
379 1460 563 1528 acquireret,
594 1467 627 1512 ut
646 1477 709 1513 eam
729 1461 820 1530 ipsam
839 1459 955 1513 laudem
973 1459 1064 1514 talem
1082 1467 1201 1530 touque
1220 1459 1277 1512 mi-

30 1533 202 1586 serandum
224 1534 332 1587 exitum
351 1535 475 1599 faceret,
506 1533 624 1602 qualem
647 1533 748 1586 fecit.’'
775 1532 847 1585 Orel.
885 1530 957 1586 Mihi
983 1531 1091 1586 horum
1115 1535 1178 1586 iere
1198 1529 1277 1586 nibil

30 1605 230 1676 probandum
250 1605 384 1672 ridetur,
404 1623 498 1674 neque
518 1623 551 1659 ea
570 1604 704 1670 dixisset,
724 1605 847 1675 opinor,
873 1605 922 1658 vir
940 1604 1041 1658 doctus
1052 1642 1062 1671 ,
1086 1605 1110 1658 si
1129 1605 1278 1660 meminis·

31 1687 91 1742 set,
133 1677 217 1731 haec
236 1697 295 1732 esse
314 1679 401 1732 verba
421 1677 559 1741 Materni,
588 1678 639 1748 qui
658 1685 759 1731 contra
778 1685 907 1732 oratores
928 1694 1088 1746 eorumque
1107 1685 1200 1732 mem
1220 1677 1276 1730 dis·

30 1759 122 1821 putat
144 1759 176 1804 et
198 1751 365 1818 contendit,
400 1751 595 1822 eloquentiam
615 1767 792 1804 summorum
814 1758 961 1804 oratorum
980 1767 1075 1820 neque
1093 1750 1163 1822 ipsis
1183 1765 1278 1820 neque
1320 1816 1323 1822 ‚

30 1826 75 1876 rei
95 1823 246 1894 publicae
265 1825 368 1878 utilem
388 1841 508 1892 eamque
530 1823 668 1876 licentiae
696 1823 844 1876 alumnam
863 1821 958 1877 trusse.
988 1841 1016 1876 v.
1036 1822 1073 1876 ad
1091 1840 1116 1876 c.
1137 1824 1181 1879 35.
1203 1830 1276 1877 extr.

1 1951 2 1968 ,
31 1895 285 1952 sententiani.
307 1905 362 1951 est:
398 1897 523 1950 Maxima
552 1895 670 1964 quidem
695 1895 862 1966 eloquentia
885 1896 943 1948 tuit
970 1903 999 1950 et
1021 1893 1223 1950 Gracchorum
1249 1901 1278 1949 et

1 1971 2 2020 t
31 1969 214 2031 Ciceronis;
249 1969 299 2024 sed
325 1967 448 2022 illorum
469 1969 635 2038 eloquentia
655 1969 870 2040 reipublicae,
897 1967 984 2022 huius
1003 1967 1060 2038 ipsi
1079 1968 1191 2022 oratori
1210 1985 1278 2038 per-

1 2055 2 2080 1
32 2043 160 2096 niciosa
180 2043 249 2094 fuit.
288 2041 417 2095 Eandem
443 2042 584 2113 expressit
609 2041 758 2094 luvenalis
786 2041 845 2094 Sat.
864 2043 897 2107 2,
916 2043 962 2096 24.
992 2045 1091 2108 etto,
1112 2043 1276 2098 tlt-126.

1 2117 2 2122 ’
31 2116 81 2168 Sic
105 2115 267 2190 Largiana
285 2115 443 2168 verborum
462 2117 516 2168 tali
534 2118 609 2167 exitu
628 2122 657 2167 et
676 2114 863 2168 Gronoriana
881 2113 964 2168 verbi
984 2120 1112 2183 pensavit
1130 2115 1276 2184 interpre-

32 2191 112 2242 tatio
137 2187 290 2258 aptissima
309 2195 365 2241 est:
385 2203 478 2256 neque
499 2186 660 2240 damnanda
678 2187 766 2240 lectio
779 2186 915 2256 soranam,
935 2203 1008 2256 quae
1025 2195 1053 2242 et
1069 2186 1175 2240 codicis
1189 2187 1275 2242 Fam.

31 2266 82 2326 (ex
104 2277 172 2332 quo
195 2277 254 2314 non
273 2260 359 2313 aliam
378 2260 508 2314 enotavit
526 2259 652 2330 Lipsius)
666 2259 931 2328 omniumque-edd.
954 2260 1143 2326 auctoritate,
1164 2267 1193 2313 et
1211 2259 1277 2312 loco

1 2371 2 2384 .
32 2335 99 2387 Cic.
125 2349 173 2386 or.
196 2332 226 2402 ς.
246 2337 290 2388 ts.
310 2351 397 2404 supra
416 2333 504 2386 allato
523 2331 666 2384 firmatur.
705 2331 841 2386 Ceterum
861 2331 1013 2398 Ciceroni,
1043 2331 1122 2402 quod
1140 2332 1189 2385 vel
1207 2333 1278 2386 tiro-

32 2408 126 2459 nibus
148 2413 334 2469 natumst,
364 2423 463 2457 manus
483 2405 545 2470 (vel
565 2405 666 2458 dextra
685 2405 734 2458 vel
753 2407 889 2474 utraque)
914 2413 943 2456 et
962 2412 1062 2475 caput,
1089 2405 1169 2458 iussu
1188 2403 1279 2458 Anto·

34 2481 99 2544 nii,
139 2495 156 2531 a
179 2477 213 2531 C.
234 2478 360 2548 Popillio
380 2477 445 2530 trib.
467 2478 531 2530 mil.
542 2514 551 2544 ,
587 2495 673 2546 quem
693 2477 754 2548 ipse
774 2477 846 2530 olim
865 2477 896 2528 in
915 2493 999 2530 causa
1019 2477 1123 2548 capitis
1143 2477 1278 2532 defende·

1 2583 2 2586 =
34 2561 99 2618 rat,
147 2551 261 2604 abscisa
286 2559 315 2603 et
342 2549 570 2614 obirascaris,
600 2549 738 2620 equibus
759 2548 871 2604 dixerat
890 2549 1033 2602 orationes
1052 2549 1119 2602 xlv
1138 2549 1170 2602 in
1186 2549 1278 2602 Anto·

33 2626 146 2688 nium,
170 2639 242 2692 quas
260 2639 319 2676 non
337 2623 529 2685 Antonianas,
554 2622 605 2676 sed
624 2623 793 2692 Philippicas
812 2622 1016 2691 inscripserat,
1037 2629 1174 2690 tauquam
1194 2639 1226 2674 ar
1268 2651 1276 2662 -

1 2733 2 2736 =
33 2706 144 2751 ruente
165 2703 198 2750 et
216 2695 350 2750 libertate
369 2695 486 2750 dicendi
505 2695 617 2748 similes
636 2693 827 2766 Philippicis,
861 2693 1089 2748 aDemostbene
1116 2695 1148 2746 in
1167 2639 1279 2764 stiffi-

32 2789 111 2840 pum
134 2785 240 2843 regem
259 2768 364 2821 Maced
386 2767 504 2820 habitis.
537 2787 565 2821 v.
585 2767 662 2826 Plut.
682 2769 743 2821 vita
763 2767 838 2836 oie,
874 2759 941 2822 Seu.
967 2785 1037 2821 suas.
1059 2767 1123 2820 vll.
1153 2765 1276 2835 Quintil.

32 2843 116 2896 decL
139 2844 206 2898 269.
226 2849 255 2895 et
273 2840 459 2898 Wernsdort.
479 2850 556 2912 poet.
577 2841 626 2896 lat.
644 2840 719 2896 inin.
739 2839 772 2894 T.
793 2841 843 2896 tv,
860 2855 888 2912 p.
909 2841 972 2896 222.

511 3038 814 3114 casurum.

127 3187 190 3250 Sic
210 3207 359 3272 quoque,
399 3189 489 3272 quod
510 3195 663 3272 superest
681 3190 811 3272 antiqui
833 3189 1044 3268 oratoribus,
1079 3193 1189 3252 torum
1211 3211 1277 3254 non

1 3295 2 3326 1
36 3272 242 3338 mendatae
262 3291 323 3334 nec
344 3293 582 3358 usquequaque
603 3271 644 3334 ad
664 3282 782 3335 votum
803 3274 1004 3356 compositae
1018 3275 1164 3334 civitatis
1179 3295 1278 3362 ergu-

36 3366 197 3422 mentum
219 3362 278 3417 est.
321 3355 404 3440 Quis
426 3359 515 3419 enim
537 3379 595 3420 nos
618 3355 776 3436 advocat,
813 3358 879 3417 nisi
910 3365 968 3418 aut
997 3375 1119 3418 nocens
1140 3366 1199 3418 aut
1218 3361 1279 3418 mi-

38 3446 124 3505 ser?
170 3437 269 3519 Quod
289 3443 510 3524 municipium
531 3445 567 3504 in
589 3441 771 3502 clientelam
794 3449 941 3502 nostram
961 3442 1071 3522 venit,
1101 3441 1167 3503 nisi
1189 3441 1279 3523 quod

39 3535 100 3588 aut
124 3525 259 3587 vicinus
279 3525 423 3607 populus
444 3534 503 3586 aut
523 3523 702 3587 domestica
723 3522 890 3586 discordia
910 3525 1035 3606 agitat?
1073 3523 1180 3604 Quam
1200 3545 1279 3606 pro-

41 3611 197 3673 vinciam
217 3615 373 3687 tuemur,
395 3611 460 3672 nisi
482 3611 656 3692 spoliatam
675 3611 912 3690 vexatamque?
934 3607 1037 3690 Atqui
1058 3607 1176 3672 melius
1197 3611 1280 3672 tuis·

40 3703 93 3756 set
115 3711 190 3753 non
210 3693 326 3772 queri,
357 3711 454 3773 quarn
475 3691 653 3756 vindicari.
696 3691 794 3773 Quod
815 3693 844 3752 si
864 3693 1077 3755 inveniretur
1096 3691 1209 3776 aliqua
1233 3697 1280 3755 ci-

41 3780 153 3854 vitas,
188 3775 223 3834 iu
246 3793 311 3857 qua
333 3794 428 3836 nemo
450 3785 622 3858 peccaret,
655 3795 884 3858 supervacuus
907 3784 993 3838 esset
1012 3777 1101 3836 inter
1122 3777 1279 3839 innocen-

42 3869 93 3922 tes
117 3867 256 3937 orator,
295 3859 382 3919 sicut
409 3861 499 3920 inter
528 3879 624 3922 sanos
653 3858 811 3924 medicus.
855 3857 1028 3939 Quomodo
1049 3867 1159 3922 tamen
1181 3861 1279 3922 mini-

42 3963 139 4004 mum
161 3961 243 4004 usus
264 3943 505 4024 minimumque
526 3947 694 4026 profectus
716 3963 771 4004 ars
792 3941 953 4006 medentis
967 3943 1178 4005 babetinhis
1200 3964 1274 4043 gen-

44 4029 160 4103 tibus,
202 4043 287 4108 quae
324 4026 517 4088 firmissima
543 4025 733 4090 suetudine
761 4048 799 4088 ac
825 4026 1053 4088 saluberrimis
1081 4029 1278 4110 corporibus

44 4117 210 4184 utuntur,
251 4110 298 4168 sic
325 4111 436 4171 minor
457 4119 630 4172 oratorum
651 4111 893 4193 obscuriorque
913 4111 1020 4196 gloria
1042 4119 1092 4173 est
1112 4111 1279 4174 interbo-

45 4215 106 4258 uos
128 4213 241 4256 mores
263 4200 296 4254 et
317 4194 353 4254 in
373 4193 570 4276 obsequium
597 4197 742 4281 regentis
772 4203 916 4278 paratos.
959 4192 1049 4275 Quid
1078 4196 1167 4257 enim
1193 4214 1278 4281 opus

45 4287 95 4339 est
116 4278 225 4362 longis
246 4278 283 4336 in
305 4284 422 4338 senatu
450 4279 643 4357 sententiis,
680 4299 783 4360 quum
811 4279 930 4362 optimi
957 4280 1023 4338 cito
1050 4279 1278 4340 consentiant?

47 4360 137 4441 Quid
158 4359 275 4422 multis
296 4357 385 4443 apud
404 4362 567 4445 populum
597 4362 834 4442 concionibus,
874 4381 978 4444 quum
1008 4359 1050 4424 de
1079 4379 1118 4423 rc
1144 4361 1280 4446 publica
