2756 4792
340 261 482 328 CAPUT
509 261 645 328 XXXII.
668 261 822 328 XXXIII.
1136 267 1197 333 297

48 437 117 498 serlu,
136 449 188 502 quus
206 431 281 484 riuti
305 431 405 484 fsmnt
427 447 444 483 ι
467 429 635 483 victoribsu.
675 429 719 484 Gt.
739 429 840 484 lustin.
860 433 896 494 3,
922 429 948 484 5.
968 431 1068 500 ibique
1087 431 1197 486 Gron.’'

46 505 107 558 laed.
120 535 147 546 -
160 525 217 578 quus
236 502 367 574 (poenus)
393 507 424 556 in
443 511 585 556 aeternum
599 501 745 571 perferre,
769 513 822 556 aut
840 506 942 556 statim
961 507 1070 566 ulcisci,
1097 508 1128 558 in
1148 505 1198 558 boc

46 595 105 647 serpo
117 585 157 639 ut,
173 579 244 632 exitu
261 593 376 652 pugnae
394 592 475 628 nunc
494 575 686 629 conserendae
704 577 898 641 decernetur,
919 584 1019 630 utrum
1037 578 1111 631 tales
1128 595 1198 648 poe-

44 651 105 702 nuin
119 659 268 721 perpetuum
286 650 420 719 perferre
437 648 590 714 malimus,
618 665 655 700 en
680 650 777 703 stetim
806 648 948 702 ultionem
967 657 1068 720 petere
1087 667 1196 716 esrum,

43 739 85 790 quus
97 724 119 774 in
132 723 195 776 bunc
210 724 287 777 diem
306 719 499 774 sustinuimus.
535 718 661 790 perferre
679 738 703 775 c.
725 723 787 774 Vat.
808 725 889 778 3929.
911 729 940 774 et
958 722 1022 776 edd.
1043 739 1103 777 rso.
1130 741 1198 794 pro·

41 793 88 861 lem
104 795 151 848 edd.
171 804 218 850 ret.
243 804 309 849 ante
334 794 399 864 Bip.
428 793 507 863 quod
531 801 574 846 est
598 809 780 880 propsgare3
806 794 875 848 Em.
910 793 945 846 In
964 795 1014 846 boc
1030 812 1129 867 campo
1147 805 1199 860 est,

42 867 105 920 utGr.
125 871 196 924 huoi
211 873 280 932 lues,
311 865 416 919 Walclr.
460 866 555 918 Minus
583 867 744 935 probabilis
770 875 812 920 est
835 867 981 921 sententis
1007 884 1125 936 eorum,
1146 871 1197 940 qui

43 939 259 1071 ἰὓιιὶειιιθοιιιιιιι
276 942 375 994 uictus·
392 941 424 992 in
441 938 492 992 boc
509 955 606 1010 campo
624 948 679 1001 est,
705 948 739 994 ut
763 948 803 994 est
826 941 914 993 uidere
933 948 962 993 et
980 940 1094 996 similis.
1115 961 1142 995 v.
1163 942 1198 995 sd

56 1049 60 1062 .
102 1029 122 1065 n.
152 1053 158 1067 .
938 1029 940 1036 ·

82 1089 112 1139 u.
142 1093 251 1141 maiores
267 1093 372 1140 autres
389 1089 532 1156 cogitate,
559 1085 611 1154 qui
636 1086 721 1140 felici
740 1045 875 1140 libertate
893 1083 1084 1154 fruebantur,
1108 1097 1136 1141 et
1152 1107 1200 1160 po-

40 1163 185 1302 pnrpmpmqueqs
193 1159 323 1287 831}qu
341 1166 439 1212 nostru
457 1157 605 1212 damnabit
623 1165 783 1230 perpetuae
801 1157 952 1213 servitutis
970 1165 1000 1212 et
1018 1161 1200 1217 miserrimae

403 1378 604 1434 cAPU‘t
639 1377 770 1434 XXXIII.

85 1489 223 1574 Excepere
244 1493 430 1554 orationem
451 1491 575 1554 alacres
598 1501 631 1554 et
649 1490 787 1554 barbari
807 1493 912 1553 moris
933 1499 1042 1562 centu,
1065 1493 1201 1555 fremitu

35 1573 234 1638 elclsnoribus
263 1573 416 1638 dissoms.
465 1575 601 1657 Iamque
630 1575 762 1660 agmina
794 1581 827 1636 et
858 1577 1201 1661 armorum'sulgores

33 1653 204 1720 audentissimi
222 1661 387 1742 cuiusque
406 1677 592 1742 procurem
615 1659 715 1720 simul
728 1659 958 1722 instruebatur
978 1661 1075 1730 acies,
1097 1673 1202 1740 quum

32 1737 138 1819 lgn'cola
164 1763 348 1826 quanquam
378 1745 501 1805 laetum
532 1750 565 1805 et
591 1745 650 1805 vix
671 1743 884 1804 munimentis
913 1744 1095 1805 coercitum
1116 1745 1203 1805 mili-

29 1827 71 1882 ιιι
85 1823 257 1890 adhortatus
279 1829 328 1888 ite
350 1825 522 1888 disseruit:
567 1826 710 1886 Octavus
731 1845 838 1886 annus
860 1837 924 1898 est,
958 1827 1200 1900 commilitones,

31 1921 53 1960 tt
72 1927 119 1982 quo
143 1911 262 1971 virtute
294 1921 326 1970 et
355 1910 509 1989 auspiciis
541 1909 670 1990 imperii
698 1909 857 1981 Romani,
881 1909 956 1991 fide
985 1923 1083 1989 atque
1104 1931 1204 1990 opera

27 2003 98 2049 restra
115 1991 315 2055 Britanniam
336 1995 469 2056 vicistis.
516 1993 578 2055 Tot
606 1993 885 2070 expeditionibus,
915 2007 962 2054 tot
990 1995 1125 2070 proeliis
1145 2015 1203 2055 seu

23 2069 174 2146 sortitudIne
194 2080 352 2140 adversus
374 2079 490 2156 hostes,
512 2097 570 2138 seu
590 2078 752 2156 patientia
773 2097 812 2138 ac
833 2077 945 2138 labore
964 2098 1068 2154 paene
1088 2079 1204 2140 adver-

26 2171 59 2212 us
72 2159 157 2232 ipsam
177 2182 291 2222 rerum
313 2174 469 2222 naturam
491 2181 571 2238 opus
580 2159 678 2245 fuit,·
709 2180 813 2239 neque
834 2181 885 2221 me
913 2162 1073 2233 militum,
1103 2181 1205 2241 neque

25 2255 58 2294 us
72 2242 145 2305 ducis
163 2247 336 2324 poenituit.
379 2245 471 2326 Ergo
492 2247 632 2325 egressi,
663 2264 722 2323 ego
750 2257 898 2305 ueterum
920 2247 1120 2325 legatorum,
1148 2265 1206 2307 uos

25 2321 131 2394 priorum
158 2331 364 2391 exercituum
395 2330 565 2400 terminos,
588 2328 697 2412 finem
730 2328 925 2389 Britanniae
947 2349 1013 2388 non
1023 2329 1127 2413 fama
1148 2349 1206 2390 nec

25 2423 132 2492 unsre,
160 2414 217 2474 secl
248 2413 367 2475 eastris
394 2425 425 2472 et
457 2413 559 2474 armis
586 2425 742 2474 tenemus.
792 2411 934 2473 Inventa
964 2413 1140 2473 Britannia
1174 2427 1206 2473 et

24 2489 126 2552 seluta.
166 2497 329 2576 Equidem
350 2517 446 2576 saepe
468 2497 503 2556 in
524 2498 666 2577 agmine,
688 2515 789 2574 quum
810 2515 866 2556 uos
887 2497 1023 2572 paludes
1046 2509 1208 2557 montesve

22 2585 39 2628 tt
55 2573 182 2654 flumina
210 2581 410 2664 fatigarent
425 2623 436 2652 ‚
468 2580 652 2664 fortissimi
683 2581 844 2656 cuiusque
882 2599 974 2640 uoces
1013 2581 1205 2643 audiebam:

23 2656 121 2732 luendo
141 2661 277 2726 dabitur
299 2665 425 2742 hostis,
447 2663 578 2746 quando
600 2665 710 2726 acies?
755 2663 919 2734 Veniunt,
946 2683 964 2722 e
985 2663 1119 2724 latebris
1139 2666 1208 2726 suis

20 2747 131 2818 utrum,
147 2761 178 2807 et
198 2763 281 2810 uota
301 2749 471 2826 virtusque
493 2749 528 2808 in
549 2760 681 2826 aperto,
713 2747 885 2823 omniaque
904 2767 1010 2823 prona
1031 2747 1209 2810 victoribus

13 2829 85 2896 'atqu
101 2833 206 2891 eudem
224 2833 329 2898 ¹victis
350 2831 498 2891 adversa.
547 2832 639 2891 Nam
667 2843 704 2890 ut
729 2849 898 2909 superasse
915 2843 1045 2890 tuntum
1067 2831 1207 2911 itineris,

18 2907 81 2970 silim
109 2917 270 2988 euasisse,
311 2917 467 2976 transisse
498 2915 685 2986 aestuaria,
717 2914 891 2994 pulchrum
923 2933 962 2974 ac
989 2911 1142 2975 decorum
1174 2917 1210 2976 in

13 2987 134 3069 qmtem3
153 3001 202 3060 ita
211 2999 435 3082 fugientibus
454 2999 746 3078 periculosissima,
768 3018 853 3077 quae
873 2999 969 3058 hodie
987 3001 1210 3078 prosperrima

13 3089 71 3138 ιιιι.
111 3083 224 3162 Neque
256 3084 347 3143 enim
377 3084 468 3144 nobis
498 3095 557 3142 aut
579 3083 723 3142 locorum
745 3084 856 3142 eadem
878 3083 1013 3160 notitia,
1046 3095 1107 3142 aut
1128 3103 1209 3143 com-

13 3175 138 3225 uatium
161 3168 282 3228 eadem
305 3167 530 3238 abundantias
567 3167 625 3228 sed
653 3187 768 3227 manus
799 3179 830 3226 et
852 3186 947 3226 arma
975 3167 1063 3225 etin
1092 3167 1142 3228 Itis
1175 3188 1210 3227 o-

17 3245 83 3308 luit.
120 3249 215 3328 Quod
232 3251 282 3311 acl
305 3269 355 3309 me
375 3252 513 3329 attinet,
537 3251 751 3328 iampridem
773 3249 855 3310 milri
876 3249 1043 3310 decretum
1066 3264 1132 3323 est,
1155 3271 1211 3311 ne-

13 3331 51 3396 'pe
75 3337 230 3396 exercitus
263 3353 371 3411 neque
400 3335 491 3395 ducis
520 3347 615 3414 terga
648 3329 728 3394 tuta'
745 3353 819 3394 esse.
862 3332 1003 3394 Proinde
1025 3347 1057 3394 et
1078 3335 1213 3397 honesta

19 3423 70 3472 ¹ttrs
88 3421 173 3498 turpi
194 3419 274 3478 vita
297 3417 422 3498 potior,
456 3431 487 3477 et
515 3417 722 3478 incolumitas
751 3437 789 3478 ec
811 3417 906 3478 decus
928 3417 1037 3476 eodem
1059 3419 1126 3478 loco
1148 3421 1213 3480 sita

13 3507 74 3586 ¹itit:
91 3522 144 3564 nec
166 3501 360 3583 inglorium
369 3501 494 3584 fiterit,
517 3501 553 3561 in
575 3502 643 3582 ipso
666 3514 832 3562 terrarum
854 3519 893 3560 ac
914 3511 1055 3561 naturae
1066 3501 1143 3582 fine
1163 3523 1214 3564 ce-

13 3579 97 3644 Mtte.

13 3701 14 3712 ³
37 3703 76 3776 .¹·
108 3705 247 3774 Excepere
268 3706 427 3756 orationem
445 3701 558 3756 milites
584 3703 625 3766 (v.
645 3701 681 3754 ed
699 3701 735 3753 H.
755 3705 790 3768 3,
810 3704 864 3768 32,
883 3703 926 3766 6.)
945 3703 1067 3762 uiueres,
1093 3702 1167 3756 lusti
1186 3711 1215 3758 et

13 3773 108 3840 nimau,
129 3781 174 3843 (ut
193 3778 279 3830 Ann.
302 3779 337 3840 t,
355 3780 391 3832 ts
409 3777 470 3846 pr.)
489 3782 516 3826 et
534 3776 650 3828 barbari
667 3779 755 3828 moris
774 3784 877 3836 centu,
896 3773 1023 3844 fremitu
1042 3785 1070 3829 et
1088 3777 1217 3830 clamori-

13 3834 171 3914 bebonis,
201 3869 233 3904 v.
257 3849 300 3902 ad
320 3848 355 3901 tt.
375 3851 412 3914 2,
431 3851 486 3911 22,
505 3852 532 3903 3.
562 3856 595 3902 ut
619 3848 747 3900 barbaris
774 3853 860 3901 moris
887 3851 940 3912 (sc.
962 3851 1018 3914 est)
1048 3851 1109 3902 Vct.
1134 3853 1214 3907 3929.

13 3917 62 3976 tud
83 3939 220 3993 recepere
246 3921 342 3974 Beck.
365 3921 445 3976 Hert.
465 3921 579 3974 Peerlk.
608 3920 676 3990 quis
695 3920 814 3974 Tacitus
834 3921 877 3974 sic
897 3920 1006 3974 dixerit
1026 3939 1088 3992 cup.
1107 3925 1152 3980 39.
1171 3925 1215 3978 [12.

13 3981 79 4045 trli
96 4003 121 4048 et
137 4000 184 4052 21.
225 4003 341 4054 cantu,
354 3992 479 4061 fremitu
498 4001 526 4046 et
545 3995 712 4048 clamoribus
731 3993 795 4046 edd.
817 4001 874 4047 ret.
894 4001 963 4048 ente
981 3993 1072 4050 Rhen.
1093 3997 1119 4049 2.
1140 3995 1219 4064 quod

13 4069 146 4134 preerunt
164 4071 220 4122 Dr.
243 4076 278 4123 et
299 4065 421 4122 Walcb.
460 4074 545 4120 cantu
563 4075 591 4119 et
601 4065 645 4135 sr.
665 4068 881 4138 clamoribusque
900 4066 964 4120 edd.
984 4067 1076 4122 Rhen.
1095 4069 1122 4124 2·
1142 4073 1168 4124 3.
1189 4075 1218 4123 et

13 4141 49 4182 '¹⁵-
76 4139 113 4191 Ct.
131 4142 167 4194 ad
186 4142 227 4195 G.
251 4146 282 4195 1.
308 4157 336 4191 n.
358 4143 382 4193 1.

58 4210 77 4264 2
107 4213 223 4288 Imque
243 4217 373 4285 agmina
392 4219 419 4264 et
431 4229 574 4266 armorum
585 4210 719 4282 fulgores
732 4211 919 4281 apparebant,
939 4212 1219 4282 (conspiciebantur)

15 4281 164 4342 tdstiuirm'
183 4294 331 4356 cuiusque
349 4303 499 4352 procursu,
520 4286 733 4340 audentissiruis
752 4285 1008 4354 procurrentibus,
1032 4283 1136 4338 Walcb.
1175 4286 1218 4340 (If.

14 4347 67 4403 tle.
84 4363 118 4413 17,
136 4381 165 4414 ῃ,
190 4367 217 4416 1.
242 4368 276 4416 et
301 4357 366 4411 Ind.
389 4358 440 4411 III.
460 4359 596 4428 Ellipsis:
614 4359 695 4412 uerbo
712 4375 847 4411 sensuum.
886 4358 961 4410 Male
977 4355 1126 4428 fulgores,
1152 4378 1177 4412 a.
1198 4377 1219 4410 c.

14 4435 116 4488 mus
134 4436 215 4490 coni.
240 4435 279 4486 V.
308 4430 343 4483 1).
363 4429 394 4480 in
420 4428 540 4500 Ephem.
563 4431 605 4485 Iit.
626 4431 689 4485 Jen.
710 4449 733 4484 a.
754 4433 832 4485 1815.
860 4429 961 4500 Suppl.
982 4447 1020 4482 sc.
1040 4435 1085 4488 91.
1122 4432 1222 4502 Fulgo-
