2756 4792
464 247 607 314 CAPUT
627 249 717 316 XXI.
1142 255 1204 320 401

66 413 86 465 6.
119 412 299 468 concedmus
323 433 389 469 sone
413 415 442 470 0.
474 418 589 474 Caesari
614 424 669 472 cet.
714 419 829 474 Pariter
852 415 975 484 Quintil.
1001 423 1053 486 10,
1078 425 1110 486 1,
1136 424 1198 478 114.

20 483 38 536 i.
59 485 138 538 Caesar
159 491 186 538 si
204 483 275 554 soro
294 495 407 543 tanturn
425 497 562 552 occasus,
592 509 648 545 non
667 493 740 546 alius
758 512 791 547 es
807 496 911 547 nausis
928 500 1025 547 contro
1044 493 1201 548 Ciceronem

20 561 181 611 nominaretur:
200 567 282 612 tanta
301 565 332 614 in
351 581 381 615 eo
399 567 441 618 ois
460 572 513 624 est,
533 561 565 616 id
580 581 707 626 acumen,
726 583 758 618 ea
775 568 943 626 concitatio,
962 573 994 619 ut
1010 567 1093 620 illurn
1110 567 1200 620 eodem

21 633 85 682 anino
99 631 201 692 dixisse,
229 651 283 706 quo
301 634 432 698 bellavit,
460 645 604 707 appareat.
641 637 772 692 Exornat
796 647 889 693 tamen
912 636 978 692 hoec
1001 644 1097 693 omnia
1124 645 1200 694 miro

17 709 124 766 sunonis,
151 710 227 758 caius
241 711 356 776 proprie
373 708 601 779 auctorisasset,
635 713 794 782 elegantiop
819 712 896 764 Brot.
934 709 1017 765 Gonf.
1044 709 1081 765 acl
1108 727 1133 766 c.
1154 714 1198 768 17.

20 779 63 827 ul.
77 803 100 815 -
116 779 330 848 magnitudinem
348 787 563 852 cogitationum,
582 783 791 851 consiliorum,
811 783 910 838 Germ.
929 784 973 836 die
994 784 1093 838 Gr'o'sse
1109 790 1201 840 seinos·

16 845 134 918 inussisse,
154 851 257 912 Plane,
283 859 317 904 ut
334 871 379 924 ap.
400 855 475 908 Vell.
494 858 527 922 2,
547 859 592 910 41.
612 855 647 909 de
667 857 768 910 eodem
787 855 921 920 Gaesare3
949 855 1053 910 Schola.
1091 863 1200 929 cogita-

16 923 91 974 tionen
105 939 125 974 c.
141 923 227 976 tam.
247 923 311 977 edd.
331 926 409 996 Lips.
430 936 459 982 et
477 945 535 982 reo.
556 929 599 982 Cf.
619 928 655 982 ad
674 947 697 981 c.
713 933 738 983 1.
758 947 785 982 ιι.
802 934 829 985 3.
867 933 1039 1000 cognitionis
1058 929 1121 984 edd.
1140 938 1198 984 vet.

18 1005 83 1046 onnes
98 1003 154 1049 ante
173 997 251 1066 lips.
271 997 330 1050 nisi
350 999 428 1068 quod
463 1019 494 1054 co
534 1005 654 1054 itionum
679 1001 712 1053 in
737 1001 781 1054 ed.
807 1001 889 1056 Rom.
915 1001 977 1078 legi
996 1009 1120 1056 testatur
1138 1005 1199 1057 Mo·
1284 1001 1287 1012 ’

16 1061 56 1115 tius
69 1068 229 1136 probatque,
264 1085 354 1138 quum
374 1073 411 1124 sit
429 1089 500 1127 roca
522 1115 527 1126 .
548 1076 671 1127 forense.
692 1103 729 1114 -
760 1093 825 1128 occu
845 1079 954 1130 ottones
974 1074 1017 1130 ed.
1038 1091 1084 1145 pr.
1104 1073 1196 1129 Rhen.
1249 1119 1254 1128 .

15 1137 63 1191 13.
78 1147 122 1191 cet.
157 1145 343 1212 oeaepationis
362 1144 472 1216 (prisca
490 1146 606 1216 script.)
625 1148 687 1199 Put.
708 1145 771 1200 Riv.
791 1147 854 1202 Bor.
875 1145 967 1202 Rhea.
987 1151 1013 1202 1.
1035 1175 1067 1188 -·
1104 1152 1199 1204 minus

15 1211 185 1283 heloqaentia
211 1211 331 1282 effecerit
359 1217 476 1286 Caesar,
509 1237 592 1290 quarn
617 1219 743 1272 diuinum
768 1224 826 1275 eius
849 1223 993 1292 ingenium
1018 1221 1198 1290 postulabam

14 1279 134 1350 adeost,
163 1304 236 1355 quos
258 1286 375 1342 schulz.
402 1289 459 1344 iam
484 1291 632 1358 laudavit,
665 1291 732 1346 Tac.
753 1289 826 1345 hun.
844 1296 892 1357 13,
912 1297 939 1349 3.
970 1293 1031 1346 cio.
1051 1293 1132 1346 Brut.
1152 1295 1197 1350 72

15 1349 66 1406 Suet.
82 1356 148 1412 Caes.
168 1361 214 1414 55.
237 1366 266 1412 et
284 1359 405 1427 Quintil.
426 1368 475 1430 10,
496 1369 610 1426 1,114.
648 1368 678 1418 in
703 1368 861 1437 eloquentia
886 1363 963 1419 MSS.
988 1365 1051 1418 Vat.
1079 1365 1122 1420 ed.
1149 1383 1196 1437 pr.

12 1421 1197 1508 Mffiamhmmnmffimmtfflffimfflmm

12 1499 113 1567 etaliis3
141 1504 220 1559 undo
245 1507 398 1578 eloquentia
422 1505 560 1577 effulserit
590 1516 621 1563 et
646 1511 816 1582 eloquentiae
841 1506 982 1578 suffecerit
1009 1509 1084 1563 coni.
1112 1511 1197 1564 Huet.

13 1565 73 1622 iliud
87 1591 148 1629 vero
167 1585 213 1630 est
229 1583 323 1634 minus
340 1576 445 1648 efficere
469 1585 641 1651 eloquentia,
672 1581 754 1636 aliud
777 1585 872 1654 minus
900 1579 944 1649 eff.
971 1586 1002 1636 in
1026 1585 1198 1653 eloquentiae

10 1639 83 1694 Schola.
98 1673 131 1686 -
159 1655 221 1702 tam
246 1650 352 1704 hercule
373 1670 412 1706 sc.
432 1653 463 1707 id
481 1654 682 1708 concedamus.
713 1663 772 1708 tarn
791 1656 897 1708 hercule
916 1654 948 1707 G.
969 1653 1120 1709 Gaesarem
1138 1655 1197 1708 suis

11 1718 227 1790 occupationibus,
247 1743 330 1795 qaam
347 1726 463 1781 Brutum
481 1725 525 1796 ph
544 1746 566 1780 s.
585 1731 792 1799 relinquamuep
808 1727 885 1780 Brot.
923 1725 967 1780 Ci.
987 1726 1024 1779 ad
1042 1743 1066 1779 c.
1083 1730 1109 1782 8.
1129 1744 1159 1780 n.
1170 1731 1197 1784 3.

9 1781 37 1836 De
48 1786 121 1844 Bruto
137 1811 164 1846 s.
186 1794 222 1846 ad
241 1812 266 1848 c.
287 1801 330 1853 17.
351 1815 379 1851 ιι.
400 1803 425 1852 1.
464 1799 492 1852 is
513 1799 544 1852 in
561 1798 749 1870 philosophia
767 1801 860 1875 magis
880 1799 1039 1864 excelluit,
1060 1815 1147 1868 quam
1166 1799 1198 1852 in

8 1857 137 1942 stupentia
156 1873 187 1920 et
205 1869 294 1937 poesi.
332 1870 481 1935 „Stoicam
509 1871 726 1942 philosophiam
753 1881 876 1927 sectatus
903 1878 947 1926 ost
970 1871 1135 1940 multosque
1161 1870 1198 1925 ds

9 1943 29 1980 a
42 1931 113 1989 horos
130 1940 262 2009 scripsit.
300 1941 768 2012 IudeetQuintit.10,1,123.
805 1947 841 1999 ln
863 1944 1043 2016 philosophia
1070 1949 1197 2016 egregius

7 2005 228 2090 saltoqueNquam
245 2017 277 2067 in
295 2017 484 2076 orationibus,
499 2023 692 2088 praestantior
708 2018 812 2072 Druias
829 2013 941 2086 suffecit
954 2018 1073 2087 ponderi
1089 2035 1199 2070 serame

7 2081 65 2138 “5³⁸2
87 2101 143 2136 eum
160 2089 280 2149 sentire,
304 2107 371 2159 quoe
389 2089 485 2142 elicit.”
512 2091 587 2144 Brut.
606 2119 643 2130 -
674 2088 730 2144 Nec
748 2089 841 2159 ferme
865 2094 1012 2216 quisquam
1039 2091 1138 2160 recepi
1163 2105 1200 2143 ex
1245 2125 1248 2132 ·

9 2152 85 2206 urent,
103 2157 127 2208 J.
147 2156 201 2210 Fr.
223 2158 315 2212 Gron.
336 2161 387 2230 qui
406 2163 493 2216 etiam
512 2163 589 2216 coni.
618 2181 667 2216 nec
677 2161 742 2231 fere
759 2182 784 2236 q.
804 2179 861 2234 quo
901 2181 935 2216 su
954 2163 1075 2218 stituere
1093 2163 1197 2216 Heum.

7 2215 58 2275 teet.
75 2226 159 2282 Bekk.
200 2235 261 2285 nisi
270 2231 429 2300 sorteedd.
442 2243 499 2298 vet.
516 2243 544 2290 et
557 2236 667 2290 multae
681 2253 738 2290 rec.
777 2235 835 2290 Set
849 2244 985 2290 neutrum
1003 2233 1032 2290 h.
1048 2235 1198 2305 Leptam

7 2297 54 2354 titi.
77 2301 150 2367 quod
168 2320 238 2357 cum
259 2311 403 2378 quisquam
423 2307 606 2385 iungendum
627 2317 670 2362 est
688 2317 718 2362 et
734 2309 822 2380 paulo
840 2317 907 2379 post
925 2309 1084 2380 repetitum
1112 2306 1200 2376 sorte,

7 2369 122 2454 itodunou
141 2392 203 2430 esse
224 2375 263 2430 id.
284 2379 332 2448 qd.
355 2377 483 2449 sortasse
511 2382 569 2434 iam
595 2398 734 2436 monuere
759 2381 871 2436 Passer.
892 2381 928 2434 acl
947 2383 1023 2439 Pers.
1041 2397 1070 2506 p.
1089 2383 1143 2436 357
1156 2395 1199 2449 sq.

7 2442 78 2496 talu.
113 2466 162 2500 nee
173 2447 256 2516 sorte
274 2450 456 2522 scripsirunt
469 2453 537 2507 Sch.
556 2453 605 2508 Ob.
619 2455 694 2507 hun.
711 2455 761 2506 Dr.
802 2455 947 2507 Posterius
965 2459 1024 2510 nisi
1062 2451 1200 2506 olendum

8 2519 70 2572 aaut
92 2517 184 2573 Hand.
212 2522 250 2575 ad
274 2523 365 2578 Grou.
395 2525 481 2579 diatr.
509 2527 541 2579 iu
565 2526 635 2580 stat.
661 2527 694 2579 Τ.
713 2528 735 2578 1.
756 2543 785 2596 p.
804 2527 867 2582 465.
888 2533 917 2579 et
934 2525 966 2578 in
983 2531 1011 2581 si
1027 2525 1200 2578 mittendum

49 2605 71 2640 n
88 2592 157 2645 coll.
179 2593 244 2647 cic.
264 2612 292 2665 p.
312 2597 375 2650 Mil.
395 2601 422 2653 7.
441 2603 499 2652 nisi
510 2597 590 2666 sorte
607 2603 701 2670 magis
719 2603 774 2651 erit
790 2599 952 2666 parricida,
982 2601 1088 2668 siquis
1106 2615 1201 2651 consu-
1248 2663 1253 2672 ⁸

30 2729 34 2738 Ι
65 2672 180 2730 patrem,
200 2686 285 2738 quam
301 2673 403 2740 siquis
419 2669 550 2726 humilem
569 2677 717 2726 necaverit.
754 2674 813 2724 nisi
821 2670 1059 2740 sorte-nisique
1078 2677 1104 2722 et
1122 2669 1199 2722 coni.

20 2730 56 2816 Ι1.
86 2742 146 2792 ns'si
160 2739 248 2809 sorte
265 2747 411 2814 quisquam
432 2773 463 2786 —
483 2749 588 2799 scilicet
614 2749 663 2815 qui
685 2751 714 2797 et
742 2747 817 2817 isque
844 2751 873 2797 et
902 2747 1032 2797 carmina
1056 2743 1201 2796 eorundem

105 2817 153 2876 (ut
182 2830 209 2866 c.
230 2817 266 2869 33
280 2819 368 2882 extr.)
400 2816 478 2870 Orel.
506 2824 534 2871 et
558 2817 611 2870 alii
638 2818 705 2870 alia.
731 2845 768 2857 -
805 2817 930 2873 &aaa
950 2827 1004 2887 pro
1032 2815 1084 2871 Gn.
1114 2815 1201 2869 Decio

58 2885 97 2940 itt.
115 2885 168 2954 qui
188 2903 206 2938 a
221 2885 304 2939 Sulla
323 2889 503 2959 proscriptus
522 2897 551 2944 et
570 2909 586 2943 a
603 2889 724 2944 Caesare
743 2889 850 2944 iuvene
861 2890 996 2944 defensus
1016 2895 1073 2954 estq
1096 2889 1200 2942 Schola.

59 2953 113 3008 Cic.
133 2975 164 3027 p.
187 2957 308 3012 Cluent.
329 2977 353 3013 c.
373 2963 419 3017 50.
443 2962 493 3014 ubi
511 2970 609 3016 umen
627 2961 708 3014 nihil
734 2961 817 3015 aliusl
841 2961 986 3029 traditur,
1019 2979 1107 3031 quam
1130 2961 1201 3014 huic

29 3023 60 3102 ¹io
76 3045 198 3084 uxorem
219 3032 309 3085 tuisse
328 3033 479 3086 redditam.
523 3035 642 3101 „Oratio
661 3033 753 3100 haec,
781 3041 815 3086 ut
833 3042 863 3088 et
881 3035 939 3089 alia
958 3035 1051 3088 multa
1071 3033 1201 3088 Caesaris

51 3104 84 3164 tn,
103 3104 230 3172 periit.''
248 3103 325 3157 Brot.
344 3133 381 3146 -
416 3107 501 3160 Bruti
523 3127 576 3178 pro
599 3109 735 3161 Deiotaro
761 3108 852 3178 Rege,
884 3107 937 3177 qui
965 3115 1100 3164 asenatu
1119 3106 1201 3160 Rom.

47 3171 197 3229 inuentae
218 3175 292 3229 min.
312 3179 474 3248 appellatus
493 3187 522 3232 et
540 3199 556 3233 a
575 3182 611 3234 M.
631 3179 722 3234 Bruto
741 3179 874 3234 defensus
893 3187 936 3234 ost
954 3179 1031 3250 apud
1050 3179 1201 3233 Gaesarem

22 3307 28 3320 ι
49 3259 90 3296 ese
108 3248 141 3300 in
155 3247 314 3319 Bithynia,
334 3251 384 3304 sed
402 3251 436 3304 ab
454 3251 512 3306 hoc
529 3261 614 3323 parte
632 3251 810 3324 tetrarchiae
828 3253 970 3323 privatus,
990 3251 1068 3322 quod
1088 3269 1105 3304 a
1117 3253 1202 3304 Pom-

32 3314 73 3392 'is
94 3320 238 3389 partibus
263 3330 390 3376 steterat.
440 3324 583 3390 „Causam
613 3333 711 3378 tamen
739 3325 886 3390 Deiotari,
921 3323 1085 3380 fidelissimi
1115 3331 1201 3400 atque

36 3389 188 3521 t'crggisi
228 3393 415 3480 ornatissime
428 3397 844 3526 detAtqoplipsiqsistpedthp-upio
868 3397 1016 3524 degenssm
1034 3395 1077 3450 ait
1096 3393 1201 3520 ⁰5⁰⁹?

46 3497 132 3518 ι..
191 3483 427 3523 mmosne.a
518 3509 525 3523 .
630 3489 704 3522 .a
748 3486 885 3532 ‚uum
923 3485 1202 3523 aesaremansnsa·

40 3531 95 3598 ne,
129 3555 233 3608 quum
258 3485 382 3593 Brutusp
392 3557 448 3611 pro
467 3509 604 3597 Deiotar'o
623 3542 749 3596 Nicaeae
769 3541 905 3608 dixisset,
936 3543 1014 3596 ualde
1033 3539 1202 3594 vehementer

48 3610 127 3661 risam
146 3619 176 3664 et
195 3613 286 3664 libere
303 3613 400 3666 «licere.
438 3613 494 3668 Sed
508 3631 598 3683 quum
615 3613 773 3668 haberetur
790 3614 840 3668 hic
860 3614 1004 3687 dialogus,
1024 3613 1098 3668 aliae
1118 3621 1201 3667 eraut

44 3695 153 3737 noram
176 3700 270 3737 aures
294 3691 322 3738 et
352 3685 563 3760 ingeniosioros
589 3705 623 3740 ac
648 3687 775 3756 proinde
802 3686 1016 3742 difficiliores.’'
1039 3687 1116 3741 Brot.
1155 3686 1200 3740 Gi.

27 3745 114 3821 c'tt-1).
136 3757 246 3811 Deiot.
269 3763 297 3808 et
315 3756 396 3810 Brut.
416 3763 443 3814 6.
461 3763 507 3814 94.
527 3760 563 3813 ad
582 3759 638 3813 aa.
658 3761 696 3826 5,
719 3765 762 3816 17.
787 3757 903 3814 sichar.
923 3777 999 3831 resp.
1020 3764 1064 3816 13.
1093 3759 1152 3812 div.
1173 3763 1199 3824 1,

38 3823 61 3885 ²,
77 3829 116 3882 ³5.
135 3833 184 3886 37.
208 3835 242 3882 et
262 3826 337 3882 Phil.
357 3834 406 3894 11,
427 3835 469 3886 12.
490 3835 532 3887 13.
552 3859 586 3872 -
604 3835 723 3887 eiusdem
740 3833 918 3886 lentitudinis
935 3853 968 3886 ac
984 3836 1088 3903 teporis
1106 3835 1201 3890 libros,

29 3894 55 3946 sd
75 3917 132 3972 cap.
153 3906 203 3958 18.
232 3919 266 3954 n.
285 3903 311 3956 5.
340 3909 369 3955 et
387 3902 424 3956 ad
448 3919 473 3958 c.
492 3907 537 3960 20.
566 3923 595 3958 n.
616 3910 641 3960 1.
679 3905 768 3958 lenta
794 3905 889 3958 oratio
918 3913 979 3972 est,
1014 3922 1087 3974 quae
1117 3904 1200 3958 nobis

123 4012 132 4035 ,
157 3971 241 4042 ateis
265 3972 391 4026 dicitur:
423 3982 520 4044 tepor,
548 3993 640 4046 quum
659 3977 743 4030 nulla
761 3976 823 4043 vis,
858 3976 958 4030 nullus
984 3978 1065 4030 calor
1082 3976 1200 4030 affectus

60 4045 197 4114 orationi,
235 4061 332 4114 quum
357 4065 424 4101 raro
452 4051 595 4103 incalescit
614 4052 687 4120 (cap.
707 4051 745 4106 22
764 4049 868 4113 med.);
899 4049 1003 4104 Schuls.
1041 4049 1107 4116 „ct
1127 4049 1198 4102 Ern.

57 4117 174 4173 technol,
197 4116 284 4170 rhet·
304 4135 333 4188 p.
352 4121 416 4176 253.
438 4129 466 4176 et
485 4121 620 4178 Doederl.
641 4137 742 4190 synon.
763 4121 815 4174 lat.
835 4121 869 4178 Τ.
888 4122 928 4176 11.
948 4139 977 4194 p.
998 4125 1053 4178 206
1065 4123 1126 4192 sq.’'
1144 4123 1197 4174 Dr.

93 4191 283 4244 lentitudinis
301 4191 389 4246 Vetus
409 4191 448 4260 (c.
470 4193 569 4256 Faru.)
589 4201 618 4248 et
635 4192 707 4247 hinc
726 4193 790 4247 edd.
810 4193 889 4262 hips.
910 4201 939 4247 et
957 4212 1017 4248 rec.
1047 4212 1081 4246 ac
1097 4199 1200 4262 teporis

53 4261 518 4404 t.tt⁰.3³t.iitt·..⁰ititmt.
535 4266 1200 4408 iii*⁶³iii..i.i.‘'i.iiii.h..iiiiiiii

23 4391 68 4455 ¹tt·
84 4405 172 4464 then.
194 4417 277 4467 tres.
296 4407 362 4464 Ala.
381 4409 483 4466 Franc.
505 4409 567 4466 Col.
588 4417 693 4466 tenoris
711 4412 790 4466 coni.
811 4411 850 4464 id.
871 4409 949 4482 Lips.
974 4415 1093 4480 torporis
1102 4403 1199 4465 Schei.

34 4499 298 4572 Qfflzffl
855 4483 904 4555 w
