2756 4792
191 217 253 280 390
499 214 725 282 DIALOGUS
747 215 805 282 DE
827 213 1116 280 ORATORIBUS.

194 385 313 452 quitatis
336 387 501 440 comtituen
524 388 614 440 solent
640 401 724 455 usque
746 385 785 436 ad
801 381 928 437 Cassium
947 381 1087 468 sescum,
1111 399 1191 468 quem
1208 397 1278 468 resse
1287 379 1362 450 secius

194 453 749 607 tttttlsllltllmttlisii.
768 455 1362 602 viiluniiiituiiiiiii‘iiiiii

194 599 293 670 Lipsii
312 606 350 668 (c.
370 602 469 673 Fero.)
489 611 517 658 et
537 605 570 658 in
589 601 632 658 ed.
651 621 697 674 pr.
718 563 826 670 in’que
844 608 941 654 tamen
965 605 1128 656 constituere
1145 602 1246 654 salmes
1269 603 1311 670 qui
1324 617 1362 676 usqi

195 672 235 724 aei
252 673 394 736 Cassium,
419 693 498 747 quem
515 694 592 731 reum
604 675 728 746 jaciunt.
766 673 814 728 sic
840 681 869 726 et
894 673 1052 747 legendum
1082 672 1216 728 censebat
1237 671 1362 737 Petelinis

194 761 253 814 quo
272 764 300 799 v.
320 747 357 800 ed
375 765 400 800 c.
421 753 447 803 1.
468 768 497 802 n.
516 751 558 814 lt.)
585 757 615 802 et
638 748 697 802 ism
715 747 794 800 Brot.
815 746 867 816 qui
885 753 986 800 temen
1004 745 1130 800 melebet
1147 763 1272 817 qumque
1284 751 1362 814 primu

194 833 232 870 ne
245 836 327 872 eures
340 819 566 876 offenderentur.
604 820 662 876 Sed
671 820 761 874 verbe
775 835 853 890 quem
867 821 990 888 primum
1001 815 1154 887 affirmant
1171 826 1225 872 cet.
1244 815 1362 888 laetorius

87 883 95 898 '
194 905 279 944 cause
297 891 358 945 illis
376 911 456 964 quem
473 913 548 948 reum
560 895 680 966 faciunt
697 893 808 946 adiecta
825 891 922 946 videri
939 900 1068 962 possunt.
1107 891 1182 945 Male
1193 896 1329 946 termissus
1343 909 1362 942 ss

194 971 282 1016 const.
300 967 402 1027 solent,
435 985 514 1039 quem
532 986 616 1039 usque
633 967 671 1020 ad
688 967 715 1018 G.
738 966 766 1018 S.
780 964 913 1034 jaciunt,
942 983 1021 1036 quem
1041 968 1167 1036 primum
1195 961 1244 1032 aff.
1273 963 1362 1016 eddPs

194 1041 224 1088 et
244 1042 299 1090 oet.
319 1053 426 1094 omnes.
463 1057 543 1111 quem
561 1059 579 1093 u
630 1038 700 1092 ecel
717 1039 745 1092 G.
765 1038 792 1090 S.
805 1035 947 1106 faciant?
975 1038 1062 1100 hunc,
1080 1055 1158 1106 quem
1174 1040 1362 1108 primm—sis

193 1105 257 1161 Nou
282 1111 450 1179 infirmitate
476 1130 552 1168 corr.
576 1059 649 1167 ἔζη.
681 1118 710 1165 et
735 1128 815 1182 quem
843 1129 925 1183 usque
950 1111 989 1164 aei
1016 1111 1043 1163 0.
1074 1111 1101 1163 S.
1120 1111 1229 1180 finiunt
1256 1117 1295 1174 (ut
1311 1113 1362 1162 cil

194 1179 284 1234 Orell.
303 1183 407 1250 quibus
425 1202 484 1240 non
501 1186 635 1256 placebat
653 1191 751 1237 nostre
770 1184 878 1250 lectio,
898 1183 967 1252 quie
985 1187 1154 1238 constituere
1172 1191 1202 1236 et
1213 1183 1303 1254 faeere
1317 1191 1362 1233 tem

191 1271 258 1306 oron
276 1255 315 1306 acl
330 1259 450 1328 aliquem
470 1265 498 1312 et
517 1277 599 1330 usque
618 1259 657 1312 ad
672 1259 793 1327 aliquem
813 1273 873 1312 non
888 1255 1004 1310 dicetur
1022 1257 1124 1310 latins.
1161 1256 1319 1326 liquidem
1331 1252 1362 1304 hs

193 1325 385 1396 crediderim,
413 1339 443 1385 et
469 1332 563 1385 multo
589 1332 686 1384 minus
705 1329 738 1382 in
761 1329 889 1384 lectione
907 1329 991 1404 vulg.
1018 1329 1137 1383 ferendo
1170 1329 1301 1400 repetitio
1324 1341 1362 1395 prs

191 1417 270 1522 poem
288 1401 408 1472 eiusque
428 1403 464 1457 sd
481 1403 598 1458 diverse
616 1401 745 1458 subiecta
763 1402 878 1456 relatio.
926 1401 1008 1457 Idem
1026 1401 1106 1455 velet
1126 1400 1163 1454 de
1184 1401 1293 1456 emend.
1310 1399 1362 1452 (lesu

210 1490 263 1526 eme
285 1477 360 1527 velut
381 1481 531 1530 seminum
553 1484 613 1530 ant.
639 1478 807 1530 constituere
833 1477 935 1538 soleret,
974 1478 1020 1540 (ut
1044 1491 1090 1545 sp.
1121 1473 1183 1526 cic.
1211 1474 1247 1529 de
1271 1473 1362 1526 sinici

190 1548 375 1602 constituendi
390 1557 473 1610 sunt,
491 1553 540 1620 qui
556 1553 663 1603 sintin
681 1552 809 1602 micitia
822 1548 894 1617 fines
913 1555 941 1600 et
959 1550 1063 1618 quusi
1080 1549 1198 1600 termini
1215 1545 1351 1617 diligendi,

191 1633 237 1684 sp.
265 1619 339 1673 Plin.
370 1639 415 1691 ep.
435 1625 469 1688 6,
487 1625 532 1678 29.
566 1621 614 1676 los
641 1627 775 1675 terminos
800 1620 943 1704 dignitati
967 1637 1001 1674 ac
1026 1619 1203 1673 ewemndioe
1230 1628 1291 1672 tuae
1310 1625 1362 1670 sao

189 1686 1105 1835 ffli⁸l“i.i.}.⁰.“.i-i‘iii'ii“iiizzi¹‘i.'i..¹i''‘0'ii'iiff.'.'.
1125 1686 1362 1822 .¹.¹*.i⁰ii.¹.¹.¹.’s‚¹i

191 1833 220 1879 et
238 1828 302 1880 ind.
322 1831 374 1884 111.
395 1849 422 1883 v.
447 1832 535 1886 Verba
553 1837 646 1886 activa
663 1851 737 1904 pass.
757 1831 841 1886 dicta.
880 1834 936 1885 Pro
956 1847 989 1885 eo
1008 1833 1149 1902 deiieetere
1166 1833 1198 1886 de
1217 1837 1265 1886 oia
1283 1832 1362 1885 Cicer«

190 1903 237 1961 (ut
255 1899 304 1953 off.
324 1903 357 1968 2,
376 1905 412 1966 3,
432 1904 473 1966 9.)
502 1904 668 1971 dicebatur,
696 1906 793 1959 ileum.
842 1903 896 1958 Via
914 1905 1036 1968 directa,
1064 1905 1239 1976 quaomnia
1256 1912 1362 1966 recte,2

189 1970 309 2040 pientes·
316 2007 325 2033 ,
353 1975 503 2030 moderate
523 1983 552 2030 et
571 1977 607 2030 ed
626 1985 736 2032 certem
754 1993 889 2031 normam
909 1977 994 2029 liunt.
1023 1995 1050 2029 v.
1071 1977 1144 2030 Ern.
1164 1977 1241 2030 clar.
1261 1977 1319 2030 Gis.
1350 1975 1362 2025 l

188 2043 249 2095 dem
266 2045 385 2116 gerudese
407 2047 506 2120 Wege,
537 2049 649 2104 Woltm.
687 2052 799 2104 Immo:
824 2069 877 2105 uon
895 2050 955 2104 dem
974 2053 1189 2122 regelme's'esigen
1212 2050 1312 2121 Wege,
1330 2045 1362 2100 W«

189 2123 275 2170 uetere
292 2125 375 2189 atque
392 2119 498 2175 directa
515 2121 623 2177 dicendi
639 2127 687 2176 sia
709 2121 786 2176 MSS.
806 2123 869 2176 vat.
890 2123 954 2177 edd.
974 2122 1048 2178 Ern.
1067 2123 1132 2192 Bip.
1153 2129 1182 2174 et
1201 2123 1238 2174 el.
1277 2130 1351 2174 cetere

136 2183 140 2192 '
189 2205 239 2258 que
256 2190 366 2244 dicendi
382 2197 430 2245 oia
447 2195 551 2248 directo
570 2195 642 2249 edd.¹
657 2203 716 2249 vet.
743 2194 826 2266 prob.
850 2195 1013 2266 Wopkens.
1043 2195 1115 2248 obss.
1145 2195 1229 2248 misc.
1251 2195 1323 2258 vn,
1339 2197 1362 2248 3:

189 2263 252 2317 391.
274 2291 307 2303 -
337 2265 377 2316 al
399 2265 431 2318 isi
451 2267 560 2321 dicendi
583 2287 669 2339 genus
687 2285 788 2321 omnes
808 2267 874 2321 edd.
893 2275 1013 2340 praeter
1031 2268 1083 2328 Dr.
1103 2274 1133 2320 et
1153 2265 1199 2319 Os.
1221 2267 1362 2336 quieuit

189 2333 252 2386 Vel.
273 2351 413 2407 recepere
432 2341 471 2393 cel
486 2341 560 2394 illud
575 2343 600 2394 d.
619 2361 647 2416 g.
669 2369 706 2380 -
735 2341 838 2394 iudicio
860 2349 887 2393 st
914 2343 1069 2402 intellectu,
1096 2339 1312 2414 intelligentia,
1338 2331 1362 2400 (l

187 2406 273 2473 siclt)
292 2411 477 2484 cognitione,
505 2413 643 2482 scientis,
669 2430 769 2477 sensu;
797 2413 860 2486 Rip.
883 2413 933 2466 Ols.
956 2412 1043 2468 Weil.
1064 2413 1118 2469 Dr.
1154 2413 1312 2466 Intellectus
1330 2417 1361 2463 est

190 2478 210 2532 l.
230 2487 264 2532 ut
282 2498 327 2552 sp.
349 2483 427 2538 Vell.
448 2490 480 2550 1,
500 2489 543 2541 13.
563 2487 624 2541 Cic.
644 2503 687 2540 or.
707 2489 734 2541 8.
754 2489 799 2544 21.
819 2487 857 2540 sl.
886 2485 1064 2556 prudentie,
1091 2485 1324 2546 Kunstuerstarsds
1344 2483 1361 2534 ll

189 2551 288 2608 elsend-
326 2554 369 2608 cf.
390 2556 426 2610 sd
443 2555 519 2610 Ann-
539 2562 572 2626 6,
591 2565 636 2617 33
656 2565 730 2613 extr.
768 2559 872 2613 delectu
898 2559 976 2613 coni.
1006 2557 1097 2612 Gron.
1125 2565 1159 2612 ut
1186 2575 1212 2612 c.
1232 2561 1279 2615 22.
1305 2557 1358 2610 Cis.

190 2625 254 2678 Clu.
274 2629 319 2682 16.
339 2645 368 2698 p.
386 2629 482 2682 Plano.
503 2634 530 2686 1.
557 2631 647 2702 idque
672 2631 786 2701 recepit
811 2631 916 2684 ileum.
952 2631 1010 2685 Sed
1035 2627 1203 2685 intellectum
1226 2631 1323 2702 potius
1346 2628 1361 2682 h

189 2707 264 2751 setas
283 2697 358 2752 dixit
376 2718 431 2772 pro
449 2703 568 2768 delectu,
604 2711 632 2758 et
656 2705 812 2774 intelligere
837 2719 892 2776 pro
911 2704 1029 2776 deligere
1048 2711 1077 2758 et
1094 2703 1231 2775 diligere,-
1257 2697 1361 2776 Brut-l

190 2771 252 2823 Sel.
277 2773 323 2826 Or.
351 2775 420 2828 coll.
441 2792 503 2847 cop.
524 2781 569 2833 21.
597 2779 790 2842 (intellexisse)
816 2793 842 2829 c.
862 2781 906 2832 31.
933 2779 1132 2843 (intellectum)
1158 2777 1233 2830 Plin.
1263 2795 1306 2846 ep.
1324 2779 1361 2840 ii

189 2845 327 2916 (legatum
344 2847 471 2902 tribunus
489 2853 532 2902 ita
550 2858 577 2903 st
603 2853 739 2904 intellexit
766 2857 792 2902 et
818 2853 904 2922 cepit)
934 2849 1059 2916 Quintil.
1086 2849 1210 2903 declam.
1231 2853 1295 2907 325.
1312 2853 1360 2919 pt

190 2917 236 2970 ed.
257 2919 356 2970 But-m.
384 2919 458 2973 Plin.
487 2938 532 2992 ep.
552 2927 586 2986 d,
605 2927 651 2980 27.
686 2923 862 2994 (intelligens
886 2923 1026 2994 Principis
1050 2923 1153 2992 nostri)
1184 2931 1213 2977 et
1241 2922 1325 2976 Treb.
1347 2919 1360 2972 1

190 2988 265 3040 XXX
283 2997 340 3060 tyr.
361 3007 386 3044 c.
407 2995 449 3047 12.
469 2997 653 3057 (intellectum
670 3016 699 3050 se
717 3013 773 3050 esse
792 3001 939 3067 comperit)
975 2997 1024 3052 sed
1048 2996 1152 3050 iudicio
1179 3004 1205 3050 et
1231 2997 1360 3050 intellecti

190 3061 303 3116 emend.
323 3063 435 3120 Puteol.
471 3067 521 3120 sed
536 3069 613 3122 sides
631 3078 659 3122 et
676 3069 845 3123 intellectum
864 3069 909 3122 ed.
928 3085 975 3140 pr.

263 3137 290 3190 2.
331 3133 412 3188 Vidit
430 3157 563 3210 namque:
582 3143 648 3196 voci
668 3141 862 3212 postpositum
881 3161 1013 3213 namque,
1040 3151 1073 3194 ut
1092 3160 1138 3213 sp.
1159 3141 1286 3208 Quintil
1307 3141 1360 3226 ²‘l

190 3210 225 3272 3,
244 3211 278 3270 9,
298 3211 325 3264 3.
346 3207 408 3270 (ubi
425 3227 453 3262 v.
475 3210 587 3282 Spaldt
614 3218 648 3278 8,
669 3219 702 3280 6,
722 3219 767 3270 71.
794 3215 876 3267 Flor.
898 3220 929 3281 1,
949 3218 999 3281 12,
1019 3218 1045 3270 6.
1074 3215 1150 3268 Plin.
1171 3219 1223 3279 17,
1247 3217 1290 3269 18.
1313 3216 1356 3270 18,

190 3281 243 3343 25,
262 3281 289 3334 2.
308 3281 359 3345 26,
380 3285 405 3336 1.
439 3281 517 3338 Suet.
538 3285 622 3339 Gelb.
642 3289 668 3342 5.
697 3287 746 3339 ubi
772 3305 799 3340 v.
820 3287 928 3341 Bremi.
949 3319 982 3330 -
1020 3295 1054 3340 ut
1077 3289 1164 3358 paulo
1191 3294 1261 3340 ante
1289 3285 1359 3340 dictis

192 3368 254 3422 cap.
276 3355 318 3408 18.
337 3371 382 3424 pr.
416 3363 524 3410 mutari
541 3377 601 3412 cum
619 3361 789 3430 temporibus
800 3359 914 3432 formas
933 3379 1036 3432 quoque
1055 3367 1081 3413 et
1097 3379 1200 3432 genera
1218 3361 1336 3414 dicendi.

192 3425 289 3479 serbis
307 3425 444 3480 firmetur
461 3429 552 3485 lectio
572 3439 690 3497 nostra,
716 3449 803 3502 quam
823 3433 938 3504 Lipsius
957 3451 994 3488 ex
1012 3433 1112 3487 Veteri
1134 3433 1171 3502 (c.
1192 3434 1299 3500 Fas-n.)
1318 3429 1359 3502 pri

191 3497 288 3552 dedit:
320 3517 382 3554 cum
406 3499 476 3570 (une
495 3507 577 3572 cum)
602 3507 758 3560 conditione
781 3513 934 3576 temporum
956 3525 989 3559 cc
1012 3507 1171 3560 diversitate
1198 3501 1359 3567 mersum

191 3579 302 3624 mutate
321 3573 405 3628 cond.
424 3582 514 3646 temp.
534 3585 564 3630 et
583 3585 647 3631 orte
665 3578 734 3632 inde
753 3578 860 3632 divers.
880 3580 1004 3633 surium.
1044 3579 1193 3634 Similiter
1209 3599 1278 3633 susm
1298 3584 1359 3652 loco}

191 3651 289 3697 tunam
307 3647 373 3700 belli
389 3655 528 3700 mutatam
546 3650 648 3704 lustin.
667 3656 723 3718 31,
742 3654 778 3718 5,
797 3655 823 3708 9.
858 3661 888 3706 et
912 3653 953 3706 sic
980 3670 1060 3707 cures
1087 3652 1122 3707 de
1151 3652 1269 3708 iudicio
1298 3653 1359 3723 etg'

193 3715 334 3770 dicuntur
352 3735 413 3790 cup.
432 3724 477 3776 21.
497 3722 625 3784 (auresue
644 3725 778 3790 iudicum)
797 3741 859 3796 cap.
878 3729 923 3782 20.
955 3727 1083 3790 (auribus
1111 3733 1137 3780 et
1163 3727 1284 3782 iudiciis
1302 3727 1358 3778 oble

192 3807 259 3842 runs
276 3800 433 3846 nostrorum
452 3802 595 3850 oratorum
614 3799 703 3864 aetas)
724 3805 752 3851 et
770 3801 815 3854 31.
844 3797 974 3868 (populus
992 3799 1247 3853 diuersissimas-mn
1267 3803 1358 3852 asts-iun

193 3865 320 3932 cognitae
335 3867 435 3936 populi
451 3869 545 3932 aures)
581 3871 764 3926 conditionem
790 3879 811 3924 t.
837 3880 863 3923 et
885 3873 1062 3927 diversitates
1086 3875 1277 3946 customens.
1296 3893 1321 3945 q.
1340 3889 1358 3923 o<

193 3939 332 3989 orationis
351 3940 543 3993 retentandam
562 3941 628 3995 edd.
646 3951 705 3997 vet.
743 3944 902 3997 diversitate
927 3947 1087 3998 auditumst
1114 3961 1189 3999 corr.
1217 3949 1299 4000 Mur.
1320 3953 1358 3997 et*

193 4007 276 4076 prob.
297 4009 365 4064 sch.
386 4011 435 4064 ob.
456 4011 536 4066 Seeb.
557 4014 602 4068 Os.
640 4035 653 4070 e
680 4017 835 4070 conditione
860 4026 1015 4088 temporum
1041 4026 1069 4070 et
1092 4018 1258 4073 diuersitate
1276 4019 1358 4095 nubit

193 4079 343 4133 substituit
372 4081 476 4137 Osann.
504 4086 553 4138 cui
572 4093 672 4141 nostre
690 4089 781 4144 lectio
801 4091 900 4161 inepte
918 4091 1045 4146 videtur.
1090 4091 1134 4144 Ee
1157 4100 1263 4147 temen
1288 4091 1357 4162 aptis

194 4161 237 4205 est
257 4161 285 4208 et
304 4151 406 4208 heusta
425 4174 440 4207 a
459 4157 559 4228 Lipsio
579 4177 614 4212 ex
634 4161 692 4216 MS.
711 4162 799 4216 Fsrn.
830 4181 857 4216 v.
883 4164 919 4217 sd
945 4183 969 4219 c.
992 4171 1016 4220 1.
1036 4183 1065 4218 ιι.
1086 4169 1112 4221 3.
1132 4193 1170 4206 -
1199 4167 1357 4238 irrepeditiss

194 4243 256 4278 rum
274 4231 433 4280 wastinam
450 4235 560 4299 θΡᾱΐία.
579 4251 607 4286 v.
627 4233 664 4288 ed
683 4251 707 4288 c.
727 4237 772 4292 32.
793 4253 822 4289 n.
841 4240 867 4291 1.
904 4241 1179 4309 imperitissimus-son
1197 4239 1269 4294 edd.
1291 4245 1347 4292 eet.

194 4296 310 4351 Schule.
349 4300 405 4354 Sed
423 4302 700 4370 impeditissimarum
719 4326 754 4361 ex
772 4309 883 4363 emend.
902 4313 975 4364 Mur:
995 4311 1146 4365 verissima
1164 4323 1324 4383 receptum
1339 4329 1351 4362 e

194 4368 243 4421 Ob.
265 4379 293 4422 et
313 4372 390 4440 aliis,
411 4375 478 4444 quis
496 4380 642 4448 imperitus
660 4381 746 4434 modo
766 4384 937 4452 praecessit,
958 4393 986 4438 et
1006 4385 1101 4437 intell.
1121 4383 1282 4438 Ciceronis
1303 4391 1357 4436 ime
