2792 4792
190 193 250 256 ιιι
552 192 729 282 meum
750 193 810 257 nu
832 191 1067 258 seuuemo

189 365 262 412 tasse
288 355 406 410 Tacitus
431 373 534 412 nemus
559 358 638 412 illud
661 365 768 412 emtum
786 359 864 412 dixit
882 359 964 430 quasi
983 359 1093 413 Terrae
1113 359 1186 414 deae
1203 375 1321 412 sacrum.
1353 359 1376 418 o

78 447 84 454 ·
187 438 262 484 atam
281 429 361 484 enim
382 431 417 482 de
436 430 559 500 Cybeles
578 431 773 506 religionibus
799 433 922 502 proprie
951 432 1120 498 dicebatur,
1154 439 1187 484 ut
1215 449 1259 502 ap.
1287 427 1376 486 Terta

190 501 226 556 (lc
244 503 365 556 ieiuniis
385 521 409 555 c.
430 507 474 559 16.
513 504 595 558 Casto
621 505 709 557 isidis
735 513 763 556 et
781 505 887 576 Oybeles
904 523 950 558 ecs
968 510 1094 572 (nostras
1112 503 1313 578 xerophagias)
1333 503 1376 556 oda

186 578 283 646 quaest
307 577 385 628 Brot.
433 593 528 630 nemus
553 577 586 628 in
612 577 656 630 eal.
683 577 753 630 Nor.
779 577 823 630 bis
841 578 988 648 positum,
1023 577 1056 629 in
1081 577 1126 630 etl.
1155 578 1238 631 Rom.
1265 577 1345 630 omiss

188 667 297 704 aearum
315 667 409 702 nonus
428 649 504 703 coni.
534 649 651 702 oluvsr.
677 657 786 704 vastum
805 669 832 702 n.
860 649 994 704 Freinsh.
1026 649 1169 724 Cone-ing.
1198 661 1227 704 st
1244 645 1377 706 Ancberai

100 729 103 735 '
188 739 218 794 p.
239 726 282 776 11.
314 721 356 774 cf.
376 721 511 774 Gebauer
527 739 555 792 p.
575 723 705 778 62-65.
726 729 755 776 et
772 727 874 791 902sq.
896 723 947 792 qui
967 723 1084 793 copiose
1104 721 1140 775 ‹le
1159 722 1189 775 b.
1208 723 1229 774 l.
1248 709 1377 791 disputavi

189 795 267 862 Quae
293 809 364 848 vero
390 795 497 848 Noster
522 793 559 848 de
583 794 702 856 Herbe,
731 796 829 848 Terrae
847 804 950 856 matre,
978 795 1097 863 eiusque
1116 795 1205 848 sacris
1224 795 1317 857 dixit,
1344 805 1377 848 oo

189 873 301 941 gruunt
319 883 412 936 paene
431 867 530 920 omnia
549 867 600 930 iis,
622 884 696 936 quae
715 885 731 921 a
750 867 932 922 Graecorum
951 865 1209 936 Romanorumque
1227 865 1358 936 scriptori

189 939 346 992 traduntur
365 939 400 992 <la
420 939 480 992 Dea
500 939 563 1004 illa,
583 948 679 993 terrae
695 939 845 1011 symbolo,
865 957 939 1010 quae
957 941 1042 1000 Gerae,
1064 939 1154 1001 Vetto,
1176 938 1255 1007 Τήθη
1273 959 1295 993 s.
1317 944 1347 1004 Tr,

190 1013 307 1074 nutrix,
326 1010 416 1072 Rbeo,
439 1014 511 1082 Ops,
530 1011 563 1064 in
581 1011 709 1088 Phrygia
730 1019 759 1066 et
777 1011 904 1066 Thracia
915 1013 1145 1078 (Germanorum
1164 1015 1285 1066 fortasse
1302 1029 1336 1081 pa
1363 1009 1370 1024 '

190 1103 217 1138 v.
243 1084 280 1138 ad
303 1099 364 1155 cap.
384 1088 411 1140 2.
440 1103 470 1142 ιι.
490 1084 530 1152 1.)
556 1084 663 1156 liugan
685 1085 777 1138 Mater
803 1087 891 1138 Deum
918 1093 947 1140 et
973 1087 1086 1146 Terrae,
1114 1083 1253 1160 Γήμητηρ,
1282 1083 1378 1152 Δήμηη

188 1157 317 1228 Κυβέλη,
345 1153 477 1230 Κυβήβη,
512 1157 545 1209 in
569 1158 703 1233 Aegypto
722 1155 778 1212 lais
795 1157 846 1223 (cf.
866 1157 903 1212 ad
922 1173 983 1228 cap.
1003 1163 1030 1216 9.
1050 1175 1078 1212 ιι.
1098 1159 1124 1214 5.
1151 1165 1179 1212 et
1206 1157 1305 1212 Barth.
1323 1153 1379 1216 T.l

188 1249 219 1302 p.
238 1233 317 1294 515.)
336 1231 507 1294 vocabatur,
524 1229 665 1298 cuiusque
686 1238 714 1283 et
732 1231 873 1300 mysteria
892 1239 942 1283 aut
961 1248 1041 1284 sacra
1059 1249 1164 1285 creona
1182 1238 1212 1284 et
1229 1238 1308 1283 caete
1322 1229 1379 1294 (Vri

191 1305 223 1356 1..
245 1304 277 1356 la.
297 1306 333 1366 6,
352 1305 410 1367 73.)
430 1319 447 1355 a
466 1301 598 1366 cabiris,
618 1302 848 1372 Corybantibus,
874 1303 1007 1374 Dactylis
1027 1303 1139 1368 idaeis,
1167 1303 1379 1360 scamonium

191 1376 267 1430 lucis
287 1375 416 1429 obscurio
436 1374 554 1443 (nemus)
574 1375 798 1444 montibusque,
832 1384 861 1429 et
879 1375 941 1428 alies
959 1377 1027 1428 festi
1044 1371 1236 1440 Pessinunte,
1269 1385 1304 1428 ut
1322 1379 1379 1446 posi

190 1447 318 1510 Romae,
339 1448 513 1524 agebantur,
533 1448 638 1516 quibus
657 1448 748 1501 Deam
768 1449 842 1510 (eius
861 1447 1065 1518 simulacrum)
1085 1458 1189 1502 uectem
1207 1450 1289 1502 bobes
1301 1447 1380 1518 samir

189 1521 871 1664 18811(ῖ’1;”.ἰ1.”;’έ;.ἳ.’;”.ἳὶἰ.1ῖξ.
885 1520 1380 1648 iiiiiiiiflaiitiiit.

189 1667 233 1720 tio
249 1669 388 1737 prosequi,
407 1670 475 1720 lasti
491 1668 550 1720 dies
568 1667 626 1741 agi,
645 1666 789 1732 (Hilaris)
803 1664 954 1735 lacessatis
972 1677 1076 1720 ornatu
1095 1685 1165 1734 esse,
1185 1671 1225 1733 (v.
1246 1667 1283 1720 su
1300 1668 1371 1720 Ann.

189 1745 216 1797 9.
237 1757 265 1792 ιι.
287 1741 327 1800 1.)
354 1758 525 1812 quaecunque
552 1743 669 1793 dventu
695 1739 870 1811 hospitioque
892 1741 1071 1810 dignaretur,
1103 1739 1215 1794 hostiae
1244 1739 1366 1792 mactari

187 1821 338 1884 postremo
367 1813 560 1866 simulacrum
588 1814 790 1884 cubiculumque
828 1813 904 1866 Deae
936 1821 1037 1865 semeio
1064 1816 1126 1866 lacu
1153 1813 1305 1882 (Almonis
1335 1823 1381 1880 aqu

190 1887 269 1939 abbae·
292 1885 431 1939 solebant.
457 1887 606 1952 (horatio)
643 1885 687 1939 Gi.
707 1893 775 1939 nota
792 1889 819 1942 9.
852 1883 950 1938 Barth.
979 1885 1013 1938 Τ.
1034 1885 1057 1938 1.
1082 1903 1111 1956 p.
1131 1889 1301 1942 173-183.
1329 1883 1381 1937 ΤΑ

190 1977 220 2032 p.
240 1962 301 2016 515.
323 1957 452 2012 Greueer
470 1957 602 2028 Symbol.
628 1957 660 2010 T.
682 1959 721 2011 11.
749 1955 780 2026 §-
796 1961 926 2016 37-39.
964 1957 1120 2028 spanhem.
1145 1959 1181 2011 ad
1206 1958 1326 2012 Gallim.
1354 1957 1381 2008 la

192 2031 341 2094 Palladis,
366 2033 459 2102 intpp.
484 2031 546 2083 val.
567 2031 647 2084 Flac.
666 2033 701 2096 8,
721 2033 776 2088 288
788 2047 846 2101 seq.
884 2031 1035 2084 Ammiani
1060 2031 1190 2085 Marcell.
1211 2033 1263 2092 23,
1283 2037 1317 2092 3,
1337 2035 1382 2092 7.,

191 2105 291 2159 Ovidii
311 2103 388 2155 rest.
407 2107 439 2168 q,
459 2107 624 2160 atr-372.
654 2103 843 2156 Memorabile
862 2111 959 2156 autern
980 2111 1037 2168 eat,
1071 2104 1149 2172 quod
1167 2103 1224 2156 Fra
1245 2104 1368 2158 Paulino

192 2178 251 2233 San
275 2175 463 2230 bartolomeo
493 2177 591 2242 (lleiae
619 2175 695 2228 nach
715 2175 887 2240 Ostiudien,
915 2176 993 2228 Berl.
1014 2180 1094 2232 1788.
1113 2193 1142 2247 p.
1162 2179 1240 2242 123.)
1268 2185 1299 2229 et
1328 2193 1363 2229 es

192 2252 299 2304 Anton.
319 2249 410 2300 tradit
428 2249 464 2302 de
482 2249 623 2302 Indorum
644 2248 717 2310 Dea,
749 2245 940 2323 Baghawaeli,
974 2247 1108 2303 Sobiwae
1126 2265 1238 2314 uxore,
1273 2265 1350 2318 quae
1377 2265 1382 2296 ι

191 2326 281 2384 festo,
301 2320 333 2372 in
352 2320 497 2376 honorem
516 2322 580 2375 eius
599 2327 674 2383 acto,
694 2319 877 2373 circumduci
897 2330 927 2374 et
946 2319 1051 2375 deinde
1071 2321 1291 2376 aBracbmanis
1312 2323 1345 2372 in
1364 2321 1382 2372 ia

191 2401 295 2450 secrato
315 2399 343 2446 et
361 2403 460 2449 sancto
478 2393 602 2471 purgari
624 2395 755 2464 abicique
783 2394 865 2448 solet.
905 2393 950 2447 Gi.
980 2392 1149 2449 Anchersen
1176 2394 1265 2448 vallis
1297 2391 1383 2446 llertl

263 2545 292 2597 7.
327 2541 503 2612 dicatumque
526 2544 556 2594 ira
574 2559 604 2592 eo
622 2539 777 2592 uehiculum
795 2547 867 2592 ceste
885 2547 1058 2600 contactum,
1088 2555 1115 2593 v.
1140 2539 1178 2592 ad
1202 2555 1263 2610 cap.
1286 2545 1333 2595 to.
1354 2557 1381 2591 ιι.

191 2617 363 2686 dicatumque
382 2619 412 2666 ira
432 2631 461 2666 ec
481 2615 543 2666 Par.
562 2613 739 2684 dicatumque
758 2616 789 2665 isa
808 2631 840 2665 ec
866 2629 890 2664 c.
919 2612 989 2665 Tur.
1019 2611 1064 2666 etl.
1084 2627 1130 2682 pr.
1161 2613 1223 2664 Put.
1245 2613 1319 2666 Nor.
1342 2615 1383 2682 Pop

194 2691 269 2742 bion.
289 2689 373 2740 Vien.
393 2684 485 2740 Rhan.
508 2691 532 2740 1.
554 2693 582 2740 et
602 2685 675 2738 min.
696 2687 821 2738 dicatum
840 2689 871 2738 ira
890 2703 920 2737 eo
941 2683 984 2738 ed.
1005 2686 1097 2739 Rhan.
1118 2687 1145 2740 2.
1164 2687 1190 2740 8.
1212 2693 1241 2738 et
1259 2686 1346 2756 Lips.

264 2763 290 2816 8.
328 2761 547 2818 antecessisti,
567 2759 596 2811 ei
615 2758 680 2811 soli.
721 2757 765 2811 Cf.
785 2766 854 2812 nota
869 2761 895 2812 1.
918 2765 946 2810 et
964 2759 1001 2811 etl
1019 2775 1081 2830 cap.
1095 2762 1137 2812 to.
1158 2775 1186 2810 n.
1201 2761 1229 2812 1.
1267 2761 1326 2810 arrae·
1344 2777 1383 2811 sm

192 2835 369 2887 resanaret.
407 2832 508 2885 Lectio
529 2830 743 2896 memorabilia3
763 2831 840 2885 Hess.

265 2911 291 2962 9.
328 2905 357 2958 Ia
375 2905 466 2956 adesse
482 2905 626 2973 penetrali
643 2903 722 2956 aleam
742 2907 897 2976 inteiligit,
930 2901 1123 2956 simulacrum
1151 2898 1236 2955 illius
1254 2910 1341 2956 veste
1360 2919 1383 2954 cs

193 2987 304 3034 tectum
323 2975 461 3030 vehiculo
486 2976 614 3046 imponit
638 2985 794 3048 sociamque
813 2983 869 3030 cet.
906 2975 1048 3029 Peneis-cia
1069 2976 1190 3047 proprie
1215 2973 1337 3027 elicitur
1365 2993 1383 3045 p

193 3051 291 3106 media
316 3049 433 3103 aedium
460 3049 642 3118 privatarum
670 3058 698 3103 et
723 3049 850 3103 interior
871 3049 1058 3118 sanctiorque
1084 3048 1284 3118 templorum,
1323 3049 1383 3100 ins

193 3133 237 3178 est
260 3123 452 3176 simulacrum
477 3121 628 3186 numinis3
657 3123 697 3188 (v.
718 3121 848 3176 ιι1Αιιιι.
868 3127 905 3188 2,
926 3127 976 3186 16,
995 3123 1037 3188 2.)
1062 3121 1092 3174 b.
1119 3121 1139 3172 l.
1160 3121 1210 3174 vel
1228 3137 1352 3184 nemus,

192 3196 292 3268 potius
310 3193 478 3248 orbicuiacms
497 3195 555 3247 nisi
573 3192 646 3247 haec
664 3203 796 3265 spectant
814 3195 851 3249 ad
869 3195 990 3248 initium
1009 3193 1208 3257 sollennium,
1228 3193 1261 3246 in
1280 3193 1383 3248 honor

194 3269 317 3340 Cybeles
336 3275 486 3332 actorum3
519 3283 586 3320 nam
604 3267 702 3338 primo
722 3267 769 3322 die
786 3267 873 3338 pinus
891 3268 1052 3343 frugifera,
1085 3265 1117 3318 in
1144 3265 1225 3317 cuius
1244 3267 1383 3320 medios

193 3343 383 3396 simulacrum
405 3339 523 3404 Attidis,
543 3339 575 3392 in
594 3357 716 3394 nemore
735 3357 816 3394 sacro
831 3340 944 3394 succidi
965 3349 994 3394 et
1012 3341 1043 3392 in
1061 3338 1220 3392 sacrarium
1240 3337 1317 3392 deae
1339 3349 1383 3390 tre

192 3415 266 3487 poni
291 3413 417 3478 solebat,
450 3413 528 3482 quod
558 3413 725 3466 dicebatur:
759 3414 852 3466 Arbor
875 3418 975 3467 intrat.
1005 3413 1314 3475 v.1³lin.1o‚1o.s.
1339 3416 1383 3466 15.

193 3488 302 3542 Arnob.
323 3485 387 3539 adr.
431 3493 510 3539 entes
529 3486 562 3537 V.
582 3503 611 3556 p.
632 3489 677 3542 72.
696 3515 733 3526 -
757 3494 910 3558 oectcanue
928 3487 1012 3539 bubus
1029 3485 1188 3554 pleraeque
1207 3483 1271 3536 edd.
1305 3504 1333 3537 o.
1356 3487 1383 3536 ba

193 3563 254 3614 Put.
276 3565 301 3614 1.
321 3561 397 3612 Mon.
444 3559 501 3611 ien.
522 3557 613 3612 Rhan.
632 3559 704 3612 min.
742 3558 808 3622 „De
826 3567 950 3628 utraque
970 3561 1065 3612 forma
1084 3575 1110 3610 v.
1130 3557 1232 3610 Moser.
1251 3556 1290 3608 ad
1315 3559 1382 3611 Cic.

193 3633 227 3686 D.
246 3638 281 3696 2,
301 3637 346 3688 68.
366 3629 502 3685 Schneid.
523 3630 575 3684 Gr.
595 3631 625 3698 l,
644 3635 671 3686 2.
691 3647 719 3700 p.
740 3635 803 3687 268.
826 3640 855 3685 et
874 3631 1054 3685 1101111111.υ
1073 3629 1149 3684 Hess-
1168 3657 1205 3669 -
1236 3632 1340 3682 multa
1361 3649 1383 3682 o·

193 3710 304 3760 ratione
323 3721 348 3756 o.
369 3703 439 3755 Tur.
460 3703 503 3757 ed.
526 3721 572 3773 pr.
592 3705 654 3756 Put.
673 3705 762 3780 Pogg.
784 3705 861 3757 Mon.
880 3705 962 3757 Vien.
984 3713 1013 3758 et
1031 3701 1123 3755 Rhan.
1144 3702 1216 3754 min.
1253 3707 1363 3758 multa

121 3836 124 3840 ,
193 3785 312 3833 uenerat.
336 3773 428 3828 Rben.
448 3779 473 3829 1.
493 3777 520 3829 2.
539 3780 565 3831 3.
593 3783 622 3828 et
649 3793 707 3830 reo.
731 3791 840 3830 ornnes.
879 3778 967 3838 „Cam
993 3783 1022 3830 et
1046 3775 1114 3828 addi
1140 3782 1170 3828 et
1194 3773 1295 3828 omitti
1330 3787 1383 3847 poi

193 3852 244 3905 sesi
271 3848 450 3902 substantivo
477 3847 555 3902 nude
579 3849 674 3918 posito
700 3863 817 3919 semper
842 3857 884 3902 est
911 3848 1085 3903 addendum.
1123 3865 1150 3899 v.
1170 3847 1264 3900 Vorst.
1286 3850 1331 3902 de
1355 3851 1383 3902 la

193 3925 266 3976 falso
286 3935 361 3990 susp.
380 3935 409 3989 p.
431 3923 492 3976 180.
525 3919 695 3974 Grotefend.
725 3921 824 3974 Graan.
851 3921 901 3977 lat.
921 3921 954 3974 Τ.
983 3921 1007 3973 l.
1026 3937 1056 3991 p·
1076 3923 1138 3976 212.
1159 3919 1204 3973 ed.
1224 3919 1272 3973 IV.
1312 3925 1383 3976 Zur

194 3996 293 4049 Grsm.
320 3993 369 4044 lat.
396 3991 425 4060 §.
445 3995 507 4049 172.
528 3993 572 4046 ed.
594 3991 625 4046 V.
659 3992 829 4047 Ramsborn.
850 3993 902 4049 Gr.
921 3993 952 4063 5.
972 3995 1033 4049 150.
1052 4009 1080 4063 p.
1099 3997 1161 4049 281.
1195 3991 1350 4047 Ruddim.
1376 3997 1383 4046 i

194 4071 222 4121 P.
244 4069 283 4120 11.
304 4083 332 4135 p.
351 4067 414 4121 268.
435 4064 543 4118 Giintb.
566 4065 601 4119 ad
621 4066 708 4119 Corn.
728 4067 803 4136 Nep.
823 4067 898 4122 Milt.
918 4071 945 4124 7.
986 4067 1087 4120 Abesse
1104 4063 1134 4118 h.
1155 4065 1342 4118 l.msli1n.”
1369 4069 1383 4121 1

194 4143 261 4195 Νοιι
281 4137 337 4192 alia
356 4153 427 4191 vero
448 4155 529 4191 causa
548 4137 653 4212 effingi
670 4137 799 4210 poterit,
832 4157 921 4210 quam
945 4157 1012 4193 usus
1042 4137 1185 4208 loquendi
1214 4143 1243 4191 et
1270 4149 1383 4196 aucto]

194 4215 338 4268 librorum
358 4218 415 4265 vet.
455 4209 498 4264 cf.
519 4211 555 4264 ad
573 4212 648 4265 Ann.
668 4213 702 4274 1,
724 4213 776 4276 58,
796 4217 821 4266 1.

266 4291 310 4341 16.
340 4281 422 4353 saara
441 4286 513 4346 loco,
533 4283 710 4340 celebrantia
728 4285 835 4338 festaam
855 4285 943 4350 deae,
963 4291 996 4338 ut
1015 4283 1086 4339 Hor.
1107 4283 1153 4338 od.
1173 4287 1207 4347 3,
1229 4285 1284 4348 18,
1312 4289 1371 4341 11.

191 4357 367 4429 grassaturas
387 4359 463 4412 Heca.
482 4385 519 4398 -
546 4375 721 4432 quaecamque
744 4358 864 4414 adventu
890 4359 1066 4432 hospitioque
1084 4373 1136 4412 suc
1154 4357 1291 4429 dignatur
1316 4359 1383 4415 dea
