2846 4802
161 177 223 242 366
466 169 691 238 DIALOGUS
711 173 769 238 DE
792 171 1077 238 customens.

163 353 260 398 torum
277 339 421 405 mediam,
451 355 535 411 pawn
561 339 623 409 ipse
651 340 706 392 titi
722 355 817 392 sesnes
834 337 1022 394 adeersw
1038 341 1208 408 eupatorem
1225 353 1259 390 ac
1278 335 1401 390 Princi-

161 435 213 487 pes
231 413 375 476 offendam
394 412 471 466 Brot.
508 411 579 466 Noli
597 412 804 481 praetendere,
840 407 870 464 te
889 411 955 464 ideo
974 412 1073 466 colere
1091 411 1210 482 poesin,
1247 410 1326 479 quod
1358 409 1402 462 sit

160 489 294 544 securior
310 501 397 554 qisam
409 492 559 538 oratoraun
574 483 712 549 studium,
731 503 815 554 quien
828 485 881 538 tibi
896 503 990 538 smnus
1008 485 1196 538 aduersarium
1213 487 1402 554 superior-ern,

160 559 372 636 potentiorem,
402 574 441 612 sc.
461 557 642 627 Principem,
677 573 765 626 quem
790 557 916 614 maxime
934 556 1083 612 offendere
1103 555 1187 612 debet
1206 555 1325 610 Catonis
1346 557 1398 610 tui

161 627 269 709 tragici
288 634 328 698 (v.
349 629 385 684 ad
403 645 465 700 cap.
485 633 512 686 2.
531 647 559 686 n.
581 630 619 694 1,)
645 628 678 682 in
701 628 892 699 vituperanda
916 631 1003 682 unius
1029 629 1225 684 dominatione
1249 632 1401 702 παῤῥησία

161 717 190 762 et
208 711 241 760 in
260 701 581 777 oppressaelibertatis
606 701 699 756 scelus
723 701 948 772 tyrannidisque
972 701 1045 754 vitia
1073 701 1237 758 invehenti·
1262 702 1400 756 auctori-

159 789 221 845 tss;
240 777 344 832 Scissis.
998 813 1001 820 -

230 928 258 982 9.
295 921 380 976 Notis
404 927 476 978 satis
498 926 535 978 sit
554 929 608 976 cet.
645 923 680 976 in
699 921 742 976 ed.
761 922 837 975 lunt.
877 919 913 974 N.
932 923 1005 974 satis
1022 924 1069 976 sic.
1105 921 1164 976 Nos
1183 928 1312 975 oratores
1331 925 1401 991 pri-

158 1006 238 1054 uatas
254 1003 383 1062 tantum,
403 996 601 1066 privatorum,
620 997 661 1061 (v.
680 993 742 1050 ind
763 995 803 1048 ΙΙ.
823 993 961 1048 stadii.
982 998 1017 1058 1,
1037 997 1083 1056 te,
1102 996 1145 1059 9.)
1165 1001 1193 1046 et
1211 995 1400 1048 recentiores

159 1089 206 1125 res
224 1077 396 1133 meumes,
416 1077 446 1123 et
463 1071 603 1142 παῤῥησίᾳ
621 1082 738 1137 quoque
756 1073 854 1120 nostra
867 1066 1049 1136 potentiores
1065 1081 1275 1136 nonnunquam
1294 1067 1399 1121 offen·

160 1141 402 1207 descendemus,
428 1140 479 1194 sed
497 1140 680 1216 gravissimas
699 1147 813 1194 tantum
833 1138 869 1192 ob
888 1155 1001 1204 camos,
1026 1142 1055 1194 si
1072 1139 1197 1210 quando,
1219 1139 1399 1210 aliquando,

158 1233 260 1272 necesse
276 1217 326 1277 sit,
345 1214 390 1280 (ut
404 1211 491 1282 paulo
502 1221 569 1266 ante
587 1213 782 1268 necessitudine
800 1207 890 1279 efficii
907 1219 960 1266 ant
971 1211 1027 1281 fide
1044 1213 1250 1275 motationis)
1267 1213 1399 1282 etinpr.

156 1291 336 1358 periclitante
355 1291 460 1346 amne,
489 1303 579 1354 quare
598 1295 626 1340 et
639 1286 709 1355 fides
727 1293 825 1338 nostra
842 1283 986 1354 probanda
1004 1293 1059 1348 est,
1087 1293 1116 1340 et
1133 1287 1290 1340 sumenda
1307 1286 1400 1339 liber·-

157 1373 219 1416 ses:
248 1378 299 1414 ros
324 1367 420 1412 autem
447 1366 549 1430 poetae
572 1357 732 1430 praeterita
757 1357 789 1410 in
813 1357 986 1416 memoriam
1012 1359 1157 1412 revocatio
1182 1367 1212 1412 et
1236 1359 1400 1429 Principes

158 1437 237 1506 ipsos
256 1430 404 1486 offenditis
422 1431 506 1484 nulia
523 1431 691 1486 necessitate
710 1437 842 1505 cogente.
860 1459 897 1470 -
930 1435 962 1486 in
980 1433 1079 1503 quibas
1096 1434 1245 1502 repressis,
1271 1431 1399 1502 exposi-

155 1510 210 1572 tis3
239 1507 326 1560 Oderl.
355 1503 423 1558 coll.
453 1504 513 1558 Cic.
562 1541 569 1556 .
597 1503 687 1558 Arch.
717 1520 742 1556 c.
762 1507 788 1560 9.
824 1503 876 1558 Bei
892 1505 1060 1577 Deriegung
1076 1505 1213 1560 desselben
1220 1525 1232 1570 ‚·
1258 1504 1397 1560 Woltm.

157 1583 194 1634 ln
211 1579 321 1643 causis,
356 1593 426 1646 quas
444 1593 503 1630 non
522 1520 682 1652 degimus,
714 1575 766 1630 sed
783 1575 894 1646 pietate
912 1577 962 1631 rel
981 1577 1075 1632 officii
1094 1578 1143 1634 vel
1161 1577 1399 1632 necessitudinis

157 1653 301 1706 iniunctae
318 1649 515 1719 nucepimus3
539 1649 644 1703 Drici.
675 1648 727 1718 qni
753 1647 898 1704 nonsatis
917 1659 983 1721 apte
1002 1651 1183 1721 comparavit
1201 1649 1275 1704 Ann.
1297 1656 1336 1716 1,
1359 1656 1400 1708 19

156 1733 230 1782 extr.
267 1723 314 1779 An
331 1728 544 1793 represserunt
570 1722 724 1792 perspicua
752 1730 781 1776 et
807 1723 978 1778 manifestat
1014 1723 1066 1778 Sic
1088 1741 1133 1796 ap.
1162 1722 1285 1790 Quintil.
1306 1729 1344 1790 1,
1369 1730 1398 1788 1,

155 1803 181 1856 2
202 1805 277 1854 extr.
297 1801 330 1863 1,
350 1799 402 1861 11,
420 1798 449 1849 li.
492 1797 624 1862 expressis
648 1795 737 1864 plane
762 1794 933 1850 deleverunt
959 1797 1062 1851 Heum.
1088 1805 1117 1850 et
1141 1795 1258 1851 schulz.
1287 1805 1397 1850 ortum

156 1873 266 1942 quippe
291 1887 328 1924 ex
352 1869 557 1928 mammis,
588 1865 668 1936 quod
691 1867 724 1919 in
747 1883 839 1942 marg.
865 1867 933 1922 voci
957 1869 1057 1940 quibus
1074 1869 1255 1939 adscriptum
1273 1869 1396 1924 nissen

155 1953 186 2000 in
205 1945 317 2016 meiius,
335 1943 468 2012 expressit
483 1944 510 1994 si
526 1941 636 2010 wando
654 1943 802 1996 necessitas
820 1941 899 1995 ceni.
916 1941 952 1994 Li
973 1943 1030 1996 sius
1048 1943 1082 1996 in
1095 1942 1140 1996 ed.
1154 1949 1244 2013 postr.
1259 1959 1285 1994 a.
1304 1945 1397 2000 1607.

154 2028 183 2072 et
200 2015 334 2088 professis
352 2012 519 2139 Schssltinffi.
547 2018 701 2085 repressius
720 2013 840 2084 (acrius)
858 2034 928 2068 -o
952 2016 1047 2070 endere
1070 2015 1107 2071 de
1133 2015 1163 2068 la
1185 2016 1337 2084 Monnoye
1367 2025 1399 2070 et

155 2091 268 2146 Lamal.
286 2093 318 2142 in
335 2087 434 2159 quibas
445 2085 497 2155 (no
516 2085 553 2156 is)
567 2091 694 2156 apertis,
712 2086 775 2152 (ubi
790 2087 906 2158 experti
924 2096 1011 2157 atque
1029 2089 1092 2144 ausi
1111 2089 1213 2153 sinus)
1231 2089 1399 2158 siquando

155 2165 330 2225 accessesit,
356 2179 407 2230 pro
426 2167 481 2213 cet.
511 2159 582 2214 Orsi.
620 2162 700 2225 „Pro
726 2165 859 2230 apsente
885 2163 1116 2232 exspectaverim
1141 2161 1312 2230 espiicendis
1342 2169 1399 2214 aut

154 2237 341 2308 npedimdn,
361 2249 528 2303 quanquam
546 2241 684 2288 neutrum
702 2233 771 2286 satis
789 2234 896 2305 placet.
933 2233 1067 2290 Fortasse
1085 2235 1160 2288 inest
1177 2233 1284 2302 aliquis
1303 2232 1398 2288 Dati-

154 2309 354 2380 suspendens
372 2323 390 2359 a
406 2321 509 2359 necesse
526 2309 581 2370 sit,
604 2306 658 2376 qui
676 2307 782 2360 referri
800 2307 890 2378 possit
908 2307 944 2360 ad
962 2304 1142 2364 marmensi
1169 2305 1341 2362 nacturos.
1357 2323 1398 2346 -'-

151 2385 271 2456 probata
289 2385 330 2436 sit
340 2379 425 2450 sides,
445 2378 597 2454 eleganter
613 2395 670 2449 pro
688 2383 760 2444 erite
778 2379 875 2435 Heum-
895 2387 925 2434 et
944 2380 1003 2433 Sei.

626 2635 822 2692 catut
858 2633 906 2689 Xi.

236 2783 330 2868 Quae
367 2805 472 2869 quum
498 2783 636 2849 dixisset
664 2783 694 2846 A
719 2803 757 2846 er
783 2783 913 2864 acrius,
946 2791 985 2846 ut
1015 2783 1156 2866 solebat,
1192 2795 1225 2848 et
1251 2789 1396 2852 intento

151 2888 229 2945 ore;
261 2872 420 2932 remissus
442 2879 476 2934 et
496 2867 673 2932 subridens
735 2874 888 2946 aternus,
910 2863 1049 2947 Paravi,
1070 2869 1199 2950 inquit,
1220 2891 1297 2950 me,
1321 2891 1395 2934 non

151 2955 263 3015 minus
284 2951 346 3014 din
365 2971 524 3016 accusare
546 2963 719 3032 oratores,
752 2969 853 3034 qum
872 2949 965 3033 Aper
985 2949 1146 3016 laudavit.
1189 2954 1273 3016 Fore
1297 2958 1394 3018 enim
1420 2995 1421 3020 ι

150 3037 362 3114 arbitrabar,¹
405 3045 445 3097 ut
465 3056 484 3097 a
505 3034 695 3099 laudatione
715 3053 833 3096 eorum
855 3032 1025 3121 digressus
1047 3033 1248 3100 detractaret
1266 3047 1395 3120 poetae

150 3129 250 3203 atque
271 3119 455 3181 carminum
486 3119 636 3182 studium
661 3126 904 3203 prosterneret:
942 3127 1015 3180 arte
1045 3117 1187 3201 quadam
1215 3122 1396 3206 mitigavit

149 3200 360 3266 concedendo
381 3201 454 3277 his,
488 3205 546 3288 qni
568 3223 684 3266 causas
707 3221 805 3288 egere
826 3221 892 3263 non
915 3209 1067 3286 possent,
1096 3211 1135 3264 ut
1155 3223 1274 3266 versus
1297 3207 1394 3268 face-

150 3297 234 3352 rent.
278 3285 347 3374 Ego
369 3295 481 3350 autem
502 3289 589 3350 sicut
609 3289 645 3350 in
667 3288 774 3348 causis
796 3283 931 3372 agendis
953 3289 1086 3350 efficere
1107 3285 1235 3372 aliquid
1249 3296 1285 3350 et
1303 3289 1395 3353 eniti

149 3375 289 3446 tortasse
316 3389 471 3454 possum,
513 3373 561 3433 ita
597 3371 793 3434 recitatione
821 3369 1072 3456 tragoediarum
1097 3369 1230 3471 ingredi
1260 3373 1394 3436 famam

149 3456 457 3534 emiscuissent,
490 3464 563 3518 tum
589 3451 743 3538 quidem,
780 3474 884 3536 ιῃιιιπι
903 3457 940 3518 iu
962 3453 1118 3518 Neroneo
1140 3453 1332 3538 improbam
1358 3467 1395 3519 et

148 3475 337 3604 studiorum
365 3558 498 3622 qnoque
528 3557 622 3600 sacra
647 3540 878 3620 profanantem
908 3537 1039 3600 Vatinii
1065 3539 1247 3620 potentiam
1364 3541 1392 3602 ἰ

148 3631 183 3684 et
203 3620 303 3684 hodie
324 3620 353 3684 si
376 3621 457 3704 quid
476 3623 512 3682 in
534 3623 629 3685 nobis
651 3621 789 3684 notitiae
809 3640 848 3682 ac
877 3624 1021 3684 nominis
1051 3629 1117 3694 est,
1156 3623 1261 3708 magis
1291 3642 1337 3684 ar
1363 3627 1394 3686 i-

145 3713 222 3769 tror
242 3709 428 3768 caminum
450 3725 551 3806 qnam
572 3707 762 3770 orationum
782 3705 889 3790 gloria
909 3713 1052 3788 partum.
1097 3705 1147 3767 Ac
1167 3707 1235 3768 iam
1255 3725 1313 3768 me
1336 3729 1394 3771 ee-

146 3793 285 3878 inngere
306 3809 326 3851 a
346 3793 471 3852 forensi
494 3787 606 3852 labore
627 3791 785 3852 constitui
792 3831 802 3862 ,
833 3807 894 3851 nec
914 3791 1089 3852 comitatus
1110 3791 1192 3852 istos
1215 3795 1248 3851 et
1268 3807 1394 3877 effes·

148 3883 284 3956 susant
303 3875 525 3956 frequentiam
546 3875 784 3938 salutationum
805 3875 1020 3955 concupisco,
1056 3891 1124 3936 non
1154 3873 1258 3960 magis
1280 3895 1394 3957 quam

146 3980 225 4022 acra
246 3966 279 4022 et
299 3960 345 4020 im
388 3959 492 4037 ines,.
518 3978 603 4039 quae
634 3960 734 4022 etiam
762 3976 815 4020 me
836 3959 967 4021 nolente
987 3959 1024 4018 in
1046 3953 1183 4022 domum
1203 3953 1315 4020 meam
1338 3960 1394 4020 ir-

147 4049 322 4127 ruperunt
407 4059 460 4102 am
486 4049 609 4104 statum
637 4045 802 4125 cuiusque
827 4061 866 4104 ac
894 4042 1107 4104 securitatem
1136 4039 1258 4104 melius
1284 4041 1394 4105 inno-

147 4130 255 4190 centia
277 4133 391 4188 tuetur
417 4143 518 4207 wem
546 4127 751 4209 eloquentia3
791 4143 852 4187 nec
872 4143 1015 4205 vereor,
1047 4143 1090 4187 ne
1114 4125 1201 4187 mihi
1230 4145 1393 4208 unquam

146 4212 249 4273 verbe
270 4212 305 4270 in
326 4213 444 4270 senatu
464 4209 529 4270 nisi
550 4229 614 4293 pro
635 4208 774 4272 alterius
797 4206 991 4272 discrimine
1012 4206 1162 4272 iacienda
1183 4210 1260 4270 sint.

220 4351 243 4400 1.
281 4350 387 4400 intente
405 4359 468 4406 ere,
497 4352 528 4398 nt
546 4361 591 4414 ap.
613 4344 693 4420 virg.
714 4344 786 4398 Aen.
805 4347 837 4411 2,
858 4351 883 4401 1.
913 4343 1016 4398 defixis
1042 4343 1075 4396 in
1092 4341 1292 4398 adversarium
1313 4360 1393 4398 ocu-
