2904 4802
171 231 233 296 tto
475 229 699 296 DlALOGUS
721 233 779 296 DE
801 233 1088 298 ORATORIBUS.

170 396 352 451 celandam
370 396 502 448 malimus
520 397 749 468 disputatrieem,
768 407 809 453 est
828 401 915 453 utilis
926 418 1005 470 saepe
1023 407 1050 452 et
1061 399 1259 470 finitionibus,
1278 406 1307 450 et
1326 415 1419 450 com-

167 469 411 541 prehensandae,
430 476 457 520 et
474 470 648 538 separandis,
667 489 735 541 quae
752 479 822 526 eunt
839 468 1018 539 differentia,
1038 481 1065 527 ct
1081 472 1236 526 resolvenda
1254 474 1419 542 ambigui-

170 551 244 604 tate,
263 549 289 593 et
306 541 525 610 distinguendo,
544 543 703 605 dividendo,
722 545 877 604 illiciendo,
906 547 1081 615 implicando.
1119 547 1179 597 lam
1197 545 1310 614 quidem
1325 561 1418 615 pars

171 618 224 668 illa
241 631 337 666 maru
345 615 372 666 li
379 631 408 674 s,
442 631 510 684 quae
535 614 639 667 dicitur
665 615 776 677 Etbice,
807 626 877 670 certe
901 625 964 671 tota
989 622 1099 671 oratori
1126 626 1166 672 eet
1188 619 1417 671 accommodata

170 686 293 752 Quintil.
314 688 368 752 12,
388 689 421 750 2,
443 691 486 740 lo.
523 687 588 753 „ot
619 687 705 740 etiam
733 689 791 743 cic.
813 689 848 742 de
866 692 925 744 fato
945 695 976 754 1,
998 696 1022 744 1.
1055 698 1090 743 et·
1102 690 1226 756 Quintil.
1246 694 1278 754 6,
1298 694 1335 752 2,
1362 690 1417 744 8.”

169 757 221 811 Dr.
260 775 353 818 rerum
372 767 450 811 ortua
469 775 618 830 causasque
641 760 765 814 malebat
789 762 902 814 Peerlk.
922 763 957 816 de
976 779 1032 831 quo
1055 781 1082 814 v.
1103 762 1138 814 ad
1156 779 1181 814 o.
1204 767 1228 816 l.
1250 780 1277 813 ιι.
1299 767 1325 816 l.
1373 769 1418 813 si·

169 834 265 884 darum
283 839 372 883 motus
391 847 540 902 causasque
559 850 650 883 rerum
669 833 743 885 coni.
764 833 906 908 Sigrasius
927 843 955 888 et
973 835 1094 887 lamnall.
1134 834 1211 900 „sed
1237 851 1331 886 rerum
1367 836 1415 885 si-

170 904 291 980 gnificat
311 906 433 956 universi·
450 905 555 957 mundi.
592 903 694 956 Totam
714 909 893 976 φυσιολογίαν
911 915 1031 960 noverat
1050 907 1181 961 Cicero.''
1204 907 1277 959 Orel.

241 998 266 1048 ll.
303 993 351 1044 Ita
369 999 440 1046 enim
459 1002 512 1054 est,
531 997 635 1063 optimi
652 998 719 1054 etri,
740 997 791 1045 ita.
826 993 870 1047 Ex
887 999 977 1050 multe
996 997 1205 1066 interpunxere
1220 993 1312 1048 Rhea.
1331 995 1419 1060 Alo,

171 1064 284 1137 Gryph.
305 1064 382 1134 Lips.
402 1065 492 1118 Bekk.
514 1066 562 1118 Or.
599 1066 648 1119 lta
666 1070 739 1118 urim
759 1075 816 1130 est,
849 1087 873 1120 ο.
902 1073 972 1122 oiri:
1008 1071 1052 1120 ita
1076 1087 1107 1121 er
1131 1071 1221 1120 multu
1248 1067 1311 1120 edd.
1346 1074 1413 1118 cet.

170 1139 303 1192 Alterum
323 1141 368 1191 ita
386 1137 496 1192 delevit
514 1139 617 1190 Heum.
656 1137 713 1192 Sed
736 1155 794 1191 non
813 1139 876 1194 sine
895 1141 925 1192 vi
945 1142 1105 1210 repetitum
1125 1149 1176 1194 est.
1196 1169 1232 1178 -
1259 1148 1285 1192 et
1309 1142 1416 1208 pluri-

170 1210 218 1265 bus
237 1213 344 1264 artibus
363 1219 390 1263 et
408 1215 532 1264 omnium
552 1210 595 1263 ed.
615 1227 660 1279 pr.
679 1211 730 1262 Dr.
751 1211 795 1263 Os.
816 1213 862 1264 Or.
901 1221 928 1263 et
952 1215 1080 1282 pluribus
1104 1214 1232 1284 partibus
1259 1219 1287 1262 et
1306 1232 1330 1264 ο.
1359 1213 1412 1264 ed.

171 1287 233 1338 Put.
253 1283 315 1336 Riv.
335 1283 399 1336 Ber.
420 1283 511 1337 Rhen.
533 1287 557 1336 1.
596 1301 627 1334 ea
639 1285 676 1350 pl.
697 1285 811 1346 artibus,
833 1303 864 1336 er
881 1304 906 1337 ο.
921 1283 1011 1338 llheu.
1020 1289 1044 1340 2.
1060 1291 1087 1342 3.
1107 1285 1173 1338 Ald.
1189 1282 1303 1353 Gryph.
1320 1283 1411 1335 Pith.

170 1376 201 1411 ex
222 1359 264 1426 pl.
290 1359 397 1409 artibus
423 1365 446 1410 et
470 1375 494 1409 ο.
516 1353 600 1407 Bern.
622 1353 710 1407 Gron.
731 1355 801 1408 Ern.
821 1355 887 1409 sch.
909 1356 957 1409 Ob.
977 1357 1067 1410 Bekk.
1088 1361 1161 1410 lsiin.
1185 1389 1215 1398 -
1250 1363 1413 1426 angustis.-

170 1431 202 1482 in
222 1427 265 1480 ed.
285 1445 330 1497 pr.
351 1433 505 1498 angustiis.
526 1455 562 1465 -
600 1427 736 1486 cluditur,
764 1444 790 1479 v.
818 1427 854 1478 ad
880 1428 914 1479 G.
934 1431 978 1482 34.
998 1447 1027 1480 n.
1048 1435 1074 1483 1.
1113 1431 1266 1483 includitur
1281 1429 1413 1482 volebat

169 1503 274 1554 Heum.
294 1527 330 1540 -
364 1503 451 1555 sedis
470 1509 510 1554 est
529 1507 644 1558 orator,
669 1504 719 1569 qui
737 1506 791 1551 cet.
818 1515 845 1550 v.
866 1498 901 1550 ad
920 1515 943 1550 c.
965 1505 990 1553 1.
1010 1519 1038 1554 n.
1058 1507 1083 1555 1.
1103 1529 1139 1541 -
1172 1501 1275 1552 dicere:
1299 1501 1330 1551 in
1357 1499 1411 1550 ed.

169 1589 214 1644 ΡΓ.
233 1573 310 1624 (dl't't'ls

618 1751 812 1806 CAPUT
855 1751 952 1804 XXXI.

252 1864 347 1926 Haec
369 1863 432 1924 sibi
454 1863 502 1924 illi
524 1871 653 1925 veteres
675 1860 941 1945 persuadebant3
982 1859 1024 1922 ad
1052 1861 1133 1922 haec
1155 1859 1325 1923 efficienda
1351 1864 1414 1920 in-

172 1949 361 2031 telligebant
381 1965 464 2029 opus
488 1966 578 2026 esse,
601 1967 667 2007 non
689 1955 728 2008 ut
748 1947 922 2008 rhetorum
944 1945 1064 2006 scholis
1086 1943 1316 2022 declamarent,
1337 1966 1413 2005 nec

171 2042 210 2096 ut
231 2033 319 2094 fictis
342 2049 406 2106 nec⁴
423 2031 490 2090 ullo
512 2027 609 2090 modo
637 2027 679 2089 ad
707 2031 882 2091 veritatem
904 2026 1135 2090 accedentibus
1158 2029 1410 2090 controversiis

170 2119 316 2200 linguam
336 2110 433 2173 modo
456 2120 489 2174 et
508 2132 624 2174 vocem
646 2121 858 2190 exercerent,
899 2111 957 2174 scd
985 2119 1023 2173 ut
1051 2112 1103 2172 his
1131 2113 1260 2173 artibus
1281 2119 1412 2194 pectus

171 2199 366 2282 implerent,
404 2196 440 2254 in
468 2197 589 2276 quibus
619 2193 659 2256 de
685 2196 780 2256 bonis
803 2215 841 2256 ac
862 2197 974 2274 malis,
1013 2193 1053 2256 dc
1073 2195 1211 2256 honesto
1233 2214 1271 2256 ac
1291 2197 1410 2276 turpi,

172 2283 213 2344 de
235 2283 323 2342 iusto
345 2288 379 2340 et
398 2280 522 2339 iniusto
545 2277 745 2360 disputatur.
789 2278 883 2338 Haec
911 2279 998 2339 enim
1027 2285 1076 2339 est
1101 2281 1228 2339 oratori
1249 2277 1410 2338 subiecta

172 2365 215 2427 ad
235 2361 411 2426 dicendum
432 2363 580 2422 materia.
625 2360 711 2421 Nam
739 2363 774 2421 in
805 2359 940 2421 iudiciis
967 2364 1038 2422 fere
1069 2357 1109 2422 de
1138 2365 1322 2443 aequitate,
1366 2363 1408 2420 in

173 2445 469 2511 deliberationibus
491 2441 723 2506 dehonestate
745 2441 885 2505 dicimus
916 2447 982 2522 ita,
1023 2451 1062 2505 ut
1091 2445 1286 2528 plerumque
1317 2443 1409 2504 baec

171 2535 244 2617 ipsa
264 2531 408 2592 invicem
430 2529 649 2588 misceantur:
688 2525 728 2588 de
756 2528 876 2608 quibus
907 2529 1038 2609 copiose
1059 2533 1091 2588 et
1111 2531 1206 2591 varie
1228 2536 1260 2590 et
1280 2535 1408 2588 ornate

173 2633 269 2680 nemo
292 2612 402 2674 dicere
422 2619 547 2693 potest,
569 2612 635 2670 nisi
656 2612 715 2690 qui
737 2612 892 2695 cognovit
912 2619 1065 2672 naturam
1083 2611 1259 2674 humanam
1280 2619 1315 2672 et
1328 2613 1407 2673 vim

172 2703 339 2763 virtutum
363 2697 631 2778 pravitatemque
651 2695 812 2755 vitiorum
843 2702 877 2755 et
905 2694 1110 2756 intellectum
1139 2714 1276 2773 corum,
1314 2715 1409 2774 quae

173 2783 290 2845 necin
311 2779 496 2843 virtutibus
517 2797 624 2860 neque
645 2778 681 2836 in
702 2778 795 2839 vitiis
823 2787 1052 2839 numerantur.
1095 2779 1143 2838 Ex
1170 2778 1222 2838 bis
1250 2777 1407 2838 fontibus

173 2867 272 2928 etiam
291 2865 348 2923 illa
369 2865 558 2944 profluunt,
589 2867 628 2920 ut
648 2861 779 2920 facilius
800 2862 885 2920 iram
906 2859 1026 2922 iudicis
1047 2862 1100 2924 vel
1122 2863 1258 2945 instiget
1277 2861 1330 2921 rel
1355 2862 1408 2921 le·

174 2952 262 3027 niat,
303 2947 361 3028 qui
383 2947 466 3023 scit,
501 2941 583 3026 quid
604 2945 673 3013 ira,
729 2945 891 3025 romptius
913 2942 955 3004 ad
975 2947 1219 3006 miserationem
1241 2944 1406 3024 impellat,

174 3033 232 3115 qui
254 3031 336 3108 scit,
359 3026 440 3110 quid
461 3027 504 3088 sit
524 2965 753 3087 misericordia
775 3034 808 3087 et
829 3027 948 3107 quibus
970 3031 1071 3088 animi
1092 3027 1236 3088 motibus
1255 3028 1407 3087 concite·

174 3125 240 3177 tur.
283 3113 321 3172 In
352 3111 404 3172 bis
436 3111 564 3171 artibus
594 3111 951 3192 exercitationibusque
978 3121 1130 3174 versatus
1158 3118 1290 3188 orator,
1327 3111 1408 3172 sive

174 3195 264 3282 apud
296 3199 433 3257 infestos
470 3195 540 3255 sive
576 3189 665 3274 apud
698 3191 835 3274 cupidos
877 3195 949 3255 sive
981 3192 1072 3277 apud
1107 3191 1291 3256 invidentes
1317 3195 1407 3256 ‘sive

103 3325 104 3331 κ
174 3279 265 3366 apud
300 3281 413 3341 tristes
446 3277 517 3339 sive
550 3275 640 3358 apud
669 3278 822 3336 timentes
858 3275 1035 3340 dicendum
1065 3278 1235 3356 habuerit,
1273 3277 1408 3339 tenebit

174 3385 276 3429 venas
298 3365 485 3424 animorum
507 3367 556 3438 et,
592 3367 695 3442 prout
716 3361 877 3441 cuiusque
898 3371 1018 3421 natura
1038 3361 1232 3444 postulabit,
1263 3358 1407 3421 adbibe-

175 3452 225 3511 bit
245 3467 379 3508 manum
401 3453 433 3506 ct
454 3445 651 3525 temperabit
671 3444 876 3522 orationem,
915 3453 1031 3526 parato
1058 3446 1148 3504 omni
1177 3446 1405 3506 instrumento

176 3542 210 3596 et
230 3531 273 3593 ad
293 3549 424 3592 omnem
445 3527 721 3608 usumreposito.
772 3523 877 3604 Sunt,
917 3525 1004 3612 apud
1033 3545 1114 3608 quos
1140 3524 1337 3589 adstrictum
1369 3539 1405 3590 et

176 3617 347 3678 collectum
369 3621 403 3676 et
423 3611 552 3696 singula
579 3611 690 3670 statim
711 3619 905 3696 argumenta
927 3609 1123 3672 concludens
1145 3607 1274 3672 dicendi
1295 3631 1406 3696 genus

176 3702 250 3783 plus
271 3697 350 3760 fidei
371 3703 529 3758 meretur.
572 3690 671 3776 Apud
699 3694 760 3755 hos
791 3692 919 3756 dedisse
948 3713 1084 3776 operam
1112 3692 1301 3757 dialecticae
1323 3715 1407 3776 pro-

176 3777 274 3844 ficiet.
318 3781 409 3842 Alios
440 3781 514 3840 fusa
540 3785 574 3838 et
594 3778 740 3857 aequalis
763 3787 796 3840 et
817 3799 856 3839 er
878 3779 1107 3839 communibus
1129 3775 1227 3840 ducta
1249 3780 1405 3840 sensibus

177 3867 285 3927 oratio
307 3863 409 3947 magis
433 3859 580 3922 delectat.
625 3857 678 3920 Ad
698 3860 758 3921 hos
779 3859 1020 3942 permovendos
1041 3861 1267 3922 mutuabimus
1299 3881 1319 3922 a
1341 3861 1404 3924 Pe-

177 3949 362 4032 ripateticis
390 3953 484 4026 aptos
515 3946 608 4006 etin
629 3963 760 4004 omnem
784 3943 1039 4026 disputationem
1083 3953 1193 4004 aratos
1214 3945 1280 4004 iam
1300 3946 1404 4007 locos.

177 4033 312 4094 Dabunt
332 4027 519 4093 Academici
542 4027 803 4110 pugnacitatem,
839 4027 930 4088 Plato
951 3965 1177 4108 altitudinem,
1215 4025 1404 4111 Xenophon

177 4111 425 4176 iucunditatem.
480 4109 532 4171 Ne
553 4111 690 4192 Epicuri
711 4109 845 4192 quidem
858 4121 900 4172 et
920 4108 1108 4172 Metrodori
1130 4111 1282 4172 honestas
1304 4133 1406 4193 qnas-

178 4197 252 4260 dam
273 4195 522 4260 exclamationes
544 4212 711 4254 assumere
732 4195 871 4276 hisque,
893 4203 995 4276 prout
1015 4214 1070 4256 res
1091 4197 1218 4276 poscit,
1250 4197 1302 4256 uti
1323 4195 1407 4258 alie-

179 4301 259 4344 num
285 4281 351 4343 erit
381 4277 519 4340 oratori.
575 4275 692 4356 Neque
729 4280 817 4340 enim
844 4280 1025 4358 sapientem
1051 4279 1268 4339 informamus
1294 4299 1406 4361 neque.

180 4363 368 4427 Stoicorum
391 4363 575 4442 civitatem,
598 4357 655 4421 sed
677 4379 770 4433 eum,
793 4363 851 4443 qui
874 4380 940 4423 non
961 4359 1118 4444 quasdam
1140 4371 1228 4424 artes
1250 4361 1404 4433 haurire,
