2890 4790
191 199 232 262 30
543 191 719 254 LIBELLI
741 189 799 254 DE
819 189 1057 258 GERMANIA

191 363 252 416 vit.
280 361 360 418 4198.
387 357 429 413 sd.
455 373 500 428 pr.
525 358 586 410 Pus
612 353 693 410 Rom.
717 358 805 444 Pogg.
836 356 900 411 Ber.
928 359 991 412 Per.
1011 355 1101 410 ithsn
1122 356 1194 408 min.
1220 353 1296 409 bini
1313 353 1408 420 dubie,

191 435 260 506 quis
284 431 362 504 typis
384 429 514 486 nondum
538 429 648 483 Graece
667 430 793 500 exprimi
817 437 969 500 poterant,
994 430 1071 483 unde
1090 435 1119 482 et
1138 429 1168 481 in
1187 445 1280 504 marg.
1299 445 1323 481 c
1343 429 1407 480 Vct.

191 511 271 564 sess.
291 505 413 580 legiture
432 503 583 556 addendum
600 505 656 554 erit
673 503 782 555 eertum
801 503 941 555 Gmecum.
987 502 1099 555 Eorum
1123 508 1223 554 tamen
1240 501 1409 569 exemplum

190 579 282 633 secuti
300 583 367 631 sunt
384 575 447 646 Bip.
466 577 538 628 Pass.
558 575 636 628 ileos.
647 575 724 644 ¹quie
741 589 797 646 pro
815 582 897 629 certo
915 573 1056 628 affirmari
1073 580 1216 642 nequeat,
1244 573 1327 642 queis
1344 573 1409 626 fue·

191 652 231 706 rit
249 651 309 704 enti
330 665 400 701 uum
418 645 581 722 Asciburgii
599 661 722 712 nomen,
742 647 821 716 quod
839 665 855 699 e
870 643 1002 700 'librariis
1021 653 1194 716 corruptum
1211 649 1310 715 postes
1327 645 1410 698 exci-

190 724 274 778 derit.
310 667 372 774 Alii
391 721 514 774 editores
532 735 586 773 nec
604 721 723 774 mounes
742 718 882 772 indicium
899 721 1049 786 fecerunt,
1069 735 1123 772 nec
1142 718 1288 771 Graecum
1305 733 1410 787 posue·

190 803 260 848 runt
278 809 398 860 nomen,
417 791 490 858 reti,
508 790 565 846 boc
583 791 616 843 in
633 791 768 866 margine
784 791 963 860 adscriptum
982 791 1051 845 inde
1069 791 1232 844 intextum
1251 789 1410 860 irrepsisse,

190 885 246 922 nec
277 868 375 920 locum
407 863 528 930 hebere,
558 863 614 917 nisi
641 865 821 954 oppidumpue
851 880 906 934 pro
935 864 1183 934 Asciburgiumpue
1212 861 1409 914 substituatur.

189 935 376 1066 {manipretiis
401 935 498 1061 οὲιιιί.Α
514 935 842 1062 0lilll’iep..‘'secelepl'tlprirye'pqr
860 935 1164 1065 Voss.17’1{gnergvpyor
1181 934 1411 1059 {Moeuggpgg

189 1026 346 1139 ebaligssioc
358 1025 538 1134 lbudsitussct
554 1025 977 1154 :legiripeeeimemeiiusseriu
995 1027 1283 1142 inentisoiiumigiibis)
1302 1077 1360 1130 alii.

244 1159 295 1212 ·7.·
323 1154 412 1208 Aram
433 1157 606 1224 quinetiam
627 1151 705 1206 Ulixe·
722 1161 916 1214 consecratam,
934 1154 1022 1206 verbe
1042 1152 1188 1228 embigue,
1207 1160 1241 1203 ut
1258 1153 1412 1204 oroDruso

188 1231 247 1282 sites
265 1226 338 1280 Anu.
357 1229 384 1292 2,
403 1229 430 1292 7,
448 1229 474 1282 2.
495 1233 524 1280 et
542 1243 594 1278 are
615 1227 727 1279 Octavio
744 1233 902 1280 consecrata
920 1243 968 1296 eps
987 1225 1064 1280 Suet.
1084 1223 1129 1277 Au
1151 1263 1158 1276 .
1176 1229 1201 1278 1.
1222 1221 1271 1276 ubi
1288 1241 1315 1276 v.
1334 1223 1409 1275 Ern.

119 1351 122 1362 ‚
188 1309 218 1354 et
235 1299 329 1356 Wolf.
367 1297 533 1374 significari
552 1298 629 1352 euim
647 1305 742 1368 potest
758 1299 808 1351 rel
826 1306 1046 1352 monumentum
1074 1241 1231 1368 lapibeum,
1251 1296 1282 1348 in
1297 1311 1410 1348 meino-

189 1373 262 1425 riam
281 1371 391 1442 Ulyssis
409 1370 549 1442 positum,
577 1369 627 1424 vel
650 1389 703 1422 esra
719 1369 838 1446 vulgari
865 1381 948 1424 sensu
967 1369 1044 1423 dicte
1064 1377 1093 1424 et
1114 1368 1200 1430 Ulixi,
1219 1365 1411 1421 inhonorem

189 1446 258 1511 eius,
279 1450 431 1509 exstructa,
449 1450 587 1514 tanquam
605 1441 697 1510 heroi,
718 1445 757 1510 (v.
777 1442 893 1495 edAnn.
905 1445 966 1510 2,7,
979 1445 1004 1497 2.
1026 1441 1181 1496 etGasaub.
1201 1437 1238 1494 ed
1255 1441 1331 1495 Suet.
1344 1439 1411 1506 l.l.)

187 1517 234 1571 vel
263 1535 314 1569 ores
335 1514 429 1576 Ulixi,
457 1513 490 1568 ab
509 1515 611 1582 Ulixe,
640 1522 812 1568 consecrate.
832 1531 859 1567 v.
880 1515 943 1567 lnd.
964 1515 1020 1568 lll.
1047 1533 1075 1568 v.
1094 1517 1223 1567 Batinus·
1266 1511 1413 1566 Posterior

187 1589 262 1642 ratio
291 1587 393 1641 ceteris
424 1588 621 1658 praeferende.
641 1617 678 1628 -
697 1587 803 1640 adiecto
829 1585 947 1640 laertes
970 1591 1065 1656 potrs's
1088 1591 1215 1646 nomine,
1246 1583 1413 1658 Λαερτιάδη,

189 1660 293 1715 onnes
312 1689 349 1700 —
367 1661 456 1712 eodem
474 1661 549 1721 loeo,
573 1659 746 1735 Asciburgii.
765 1687 802 1700 -
820 1668 1048 1730 monumentaque
1066 1667 1094 1711 et
1111 1661 1246 1718 tumulos,
1266 1660 1304 1724 (v.
1323 1657 1359 1710 etl
1381 1674 1410 1710 c.

188 1739 213 1790 1.
233 1751 260 1786 ιι.
282 1735 321 1802 1.)
341 1733 441 1786 Genu.
459 1733 636 1794 Denlmte'len
655 1731 779 1787 ree'imlicb
798 1733 969 1804 Graiiugel,
988 1749 1053 1786 nun
1072 1739 1101 1783 et
1118 1735 1239 1786 tumulos
1257 1738 1299 1784 est
1317 1745 1412 1800 eppo-

187 1807 267 1872 sitio,
296 1807 346 1860 rel
371 1814 397 1858 et
415 1805 583 1876 ἐξηγητικόι,
607 1806 689 1858 Roth.
708 1823 736 1876 p.
756 1809 799 1860 tr.
819 1823 848 1860 v.
868 1805 904 1858 ed
922 1821 946 1858 c.
967 1809 1010 1861 17.
1031 1821 1059 1856 ιι.
1078 1806 1103 1860 5.
1125 1803 1197 1857 Αιιιι.
1217 1809 1250 1870 1,
1269 1807 1313 1870 33,
1331 1805 1358 1858 2-
1378 1809 1413 1855 et

187 1879 250 1933 lud.
270 1879 323 1931 llI.
343 1895 371 1931 v.
390 1878 590 1948 liendiodyoe'n.
628 1878 791 1944 „vocabule
808 1876 880 1931 haec
898 1893 957 1931 non
975 1885 1042 1929 sunt
1060 1893 1228 1949 synonyme.
1266 1875 1412 1946 scpulcra

187 1951 384 2020 antiquorum,
404 1950 435 2000 in
452 1953 558 2003 tumult
573 1948 601 2002 b.
621 1965 646 2003 e.
666 1949 820 2002 monticuli
838 1952 964 2003 formem
982 1951 1076 2016 fecte,
1100 1949 1168 2004 inde
1186 1947 1414 2020 appellabantur

187 2027 299 2076 tumuli.
336 2022 414 2075 Telis
430 2023 560 2075 tumulus
579 2021 683 2075 deinde
702 2022 935 2074 circumdabatur
953 2022 1112 2092 sepimeuto
1132 2021 1257 2092 quodem
1274 2028 1323 2072 sut
1341 2035 1414 2072 cee-

187 2096 261 2168 spite
281 2099 329 2147 eut
347 2093 443 2164 lepide
462 2101 690 2162 intumuere,
709 2110 764 2164 pro
784 2095 922 2164 cuiusque
940 2095 1076 2161 fortune,
1095 2093 1183 2164 idque
1201 2099 1414 2147 monumentum

188 2167 305 2224 dictum.
343 2166 551 2220 Monumentum
573 2169 694 2236 sepulcri
720 2167 753 2220 id
767 2185 821 2220 esee
838 2169 874 2218 D.
894 2167 1056 2220 Hadrianus
1075 2171 1236 2237 rescripsit,
1263 2165 1336 2237 quod
1351 2183 1416 2216 mo-

187 2241 314 2294 numenti
332 2245 350 2292 i.
370 2258 391 2291 e.
406 2255 489 2292 carseo
508 2240 655 2292 muniendi
671 2241 729 2293 eius
748 2241 803 2291 Ioci
811 2237 925 2306 sactum
943 2243 991 2302 sit,
1011 2243 1042 2293 s'n
1060 2257 1112 2310 quo
1130 2257 1226 2310 eorpus
1246 2240 1417 2310 impositum

185 2317 240 2374 sit,
259 2313 356 2366 Macer
374 2311 421 2365 10.
440 2311 471 2363 in
490 2311 510 2364 l.
530 2315 573 2368 37.
592 2311 626 2368 D.
646 2311 682 2364 sle
701 2311 785 2388 relig.
806 2320 834 2364 et
853 2319 971 2384 sumptu
987 2313 1048 2364 fun.
1069 2311 1112 2365 Cf.
1133 2329 1158 2364 c.
1177 2315 1221 2370 21.
1240 2311 1321 2386 Virg.
1341 2309 1415 2363 cul.

185 2403 214 2438 r.
233 2386 294 2442 392
315 2401 355 2454 sq.
375 2381 440 2436 Son.
461 2399 505 2454 ep.
525 2388 569 2441 92
590 2391 618 2437 et
637 2391 767 2437 controv.
785 2387 813 2450 7,
832 2387 859 2440 6.
879 2386 975 2437 extr.“
997 2383 1070 2436 Pecu
1096 2383 1144 2437 Sic
1164 2392 1244 2439 recta
1262 2384 1416 2452 scriptura

173 2465 260 2528 ,esset
278 2461 500 2521 munimntum,-
519 2455 569 2510 sed
587 2473 620 2510 ee
639 2463 681 2509 est
698 2456 794 2526 potius
811 2460 1027 2518 monimentum,
1045 2463 1078 2508 ut
1095 2455 1125 2510 b.
1146 2457 1166 2510 l.
1187 2459 1418 2526 monimentaque

186 2530 218 2583 in
236 2547 260 2583 c.
280 2528 349 2581 Τιιι.
375 2528 423 2614 etl.¹
444 2545 490 2600 pr.
511 2531 581 2582 Nor.
606 2529 694 2604 Pogg.
723 2529 760 2582 sl.
785 2536 813 2582 et
836 2532 1069 2582 monimentorum
1097 2545 1121 2582 c.
1141 2531 1185 2586 27.
1205 2531 1237 2582 in
1261 2529 1304 2583 ed.
1323 2527 1415 2581 vien.

89 2609 94 2618 ¹
185 2602 360 2656 Monimento
379 2617 455 2656 enuu
474 2607 554 2669 sunt,
580 2601 682 2670 quibus
705 2605 921 2672 praetereuntes
946 2603 1145 2664 admonentur,
1173 2610 1250 2656 etse
1270 2617 1347 2666 esse,
1381 2607 1418 2653 et

185 2675 311 2748 sepultos
330 2674 416 2728 fuisse
435 2675 586 2740 mortalem
604 2673 693 2745 Long.
730 2675 804 2728 lline
824 2682 852 2729 et
871 2673 923 2729 Gr.
941 2684 1062 2748 μνημεῖα.
1083 2673 1125 2727 Cf.
1146 2674 1181 2727 ed
1198 2673 1270 2726 Ann-
1290 2677 1316 2738 3,
1327 2675 1373 2736 23,
1384 2677 1416 2726 1.

256 2751 282 2803 8.
322 2747 433 2800 Graecis
452 2749 543 2800 literis
563 2749 727 2815 inscriptos,
746 2747 845 2813 runis,
865 2756 898 2799 ut
915 2755 1020 2818 putant
1038 2749 1139 2813 Mons,
1160 2747 1275 2800 Grimm
1294 2745 1413 2799 etalii.

185 2835 213 2872 v.
233 2817 269 2871 esi
292 2835 317 2871 c.
341 2822 366 2874 2.
387 2835 415 2870 ιι.
435 2821 460 2874 5.
498 2819 554 2873 Sed
581 2818 699 2870 Graecae
721 2821 841 2872 luerunt
859 2819 980 2886 literae,
1008 2827 1037 2873 et
1062 2836 1151 2875 ruuas
1172 2837 1202 2890 p.
1229 2817 1299 2872 cur.
1325 2835 1355 2870 n.
1377 2817 1418 2870 in

183 2907 267 2943 usum
285 2897 437 2944 venerunt.
474 2891 538 2944 Nisi
555 2889 684 2944 fabulosa
702 2889 791 2956 haec,
811 2889 992 2944 characteres
1011 2899 1124 2944 tanturm
1141 2893 1310 2960 formaeque
1328 2909 1351 2942 s.
1371 2887 1418 2941 fi-

206 2979 273 3016 urse
297 2963 451 3016 literarum
476 2962 595 3017 Graecis
625 2961 732 3016 similes
762 2963 846 3016 luere
874 2962 1011 3034 ipsaeque
1040 2963 1169 3016 fortassis
1197 2963 1325 3018 Celticae
1359 2969 1422 3013 sut}

184 2979 339 3089 Etruscae:
357 3051 424 3106 pers
444 3043 523 3090 certe
541 3035 732 3116 Etruscorum
751 3033 908 3087 sRoinsnis
927 3037 1012 3105 pulsa
1029 3036 1132 3106 priscis
1151 3035 1207 3088 iem
1226 3033 1420 3106 temporibus

181 3107 215 3158 in
233 3103 360 3161 lisetism
386 3115 415 3162 et
440 3107 476 3161 ad
498 3107 586 3178 Alpes
610 3107 795 3183 migraveret.
843 3107 961 3161 Graecis
986 3107 1195 3162 mercatoribus
1212 3107 1284 3163 haec
1302 3121 1422 3159 monu-

182 3185 280 3232 menta
297 3180 441 3234 tribuebat
458 3179 563 3257 Steger
579 3195 608 3249 p.
628 3182 673 3234 71.
692 3179 832 3234 set-Gallos
850 3179 1002 3234 literarum
1020 3181 1155 3250 ritusque
1175 3181 1309 3234 cultioris
1319 3195 1422 3232 usum

183 3251 287 3306 debere
306 3250 531 3307 Phocaeensibus
550 3251 695 3319 Asiaticis,
724 3252 860 3321 equibus
880 3253 996 3307 colonia
1014 3253 1168 3307 Massiliam
1187 3253 1328 3320 deducte,
1362 3269 1422 3302 su-

182 3323 347 3394 spicabatur
358 3325 441 3380 Bred.
471 3324 575 3378 Graeci
585 3330 682 3378 ternen
693 3325 832 3378 semisonis
850 3341 918 3379 usus
936 3325 968 3378 in
978 3325 1076 3379 Gellia
1094 3325 1187 3378 serior
1203 3325 1261 3378 suit
1278 3323 1422 3379 etDrui-

165 3393 264 3474 ⁴(libus
282 3415 372 3468 paene
399 3399 543 3468 proprius.
582 3395 626 3448 cf.
646 3396 746 3451 Strabo
764 3401 799 3464 l,
829 3402 862 3466 1,
892 3401 917 3454 5.
945 3415 975 3470 p.
995 3401 1056 3455 179.
1080 3401 1140 3454 181.
1178 3397 1279 3452 lustin.
1299 3400 1356 3462 43,
1386 3400 1422 3454 lt.

182 3469 278 3524 Morus
296 3471 332 3523 ed
351 3471 428 3526 Ceos.
448 3470 474 3522 b.
494 3469 530 3523 G.
551 3472 576 3534 1,
595 3469 693 3538 es-pr.
713 3472 739 3538 ⁵,
758 3472 803 3526 48.
823 3475 850 3538 6,
870 3475 913 3527 ti.
951 3469 1041 3525 barth
1060 3471 1100 3523 11.
1120 3487 1149 3540 p·
1170 3472 1232 3526 323.

252 3547 279 3599 9.
316 3561 383 3614 puae
410 3559 493 3614 neque
518 3542 680 3612 confirmare
703 3547 894 3613 argumentis,
922 3559 1006 3614 neque
1034 3541 1157 3612 refellere
1182 3547 1214 3597 e'n
1240 3545 1340 3596 animo
1361 3551 1422 3606 ees,

180 3613 283 3681 verbe,
311 3616 414 3686 quibus
440 3631 509 3668 usus
536 3621 578 3668 est
602 3613 702 3666 Livius
726 3617 757 3667 in
785 3617 877 3669 Praei.
903 3623 933 3670 et
957 3619 984 3684 5,
1004 3617 1048 3670 21.
1086 3613 1231 3685 offirmare
1250 3632 1273 3668 c.
1293 3613 1422 3672 Arund.

179 3685 261 3757 prob.
281 3687 352 3742 Em.
373 3686 424 3758 qui
442 3695 539 3740 temen
557 3689 735 3758 wgeomntis
751 3696 916 3758 suspectum
933 3685 1064 3742 hebebit.
1085 3715 1121 3728 -
1148 3687 1242 3741 demet
1253 3689 1361 3758 fidem,
1382 3699 1422 3744 ut

180 3757 253 3813 Anu.
273 3764 300 3830 A,
320 3765 346 3818 9.
366 3768 396 3814 et
413 3759 447 3811 il.
467 3761 494 3826 2,
513 3761 556 3814 56.
572 3787 609 3800 -
634 3758 829 3830 addatfidem,
853 3769 888 3813 ut
906 3777 951 3831 ep.
971 3760 1053 3814 Orici.
1073 3760 1148 3814 Fest.
1167 3765 1195 3828 3,
1214 3765 1277 3818 366.
1297 3759 1339 3812 id.
1364 3763 1422 3830 qd.

180 3833 276 3904 simpl.
296 3831 362 3887 dare
373 3834 458 3904 fldem
477 3831 689 3902 ep.Lir.2‚24.
700 3837 744 3902 lo,
755 3837 799 3890 46.
819 3841 853 3887 ut
870 3833 967 3887 addere
981 3849 1037 3904 pro
1055 3833 1130 3887 dere.
1149 3851 1177 3887 r.
1188 3833 1225 3888 ed
1242 3834 1378 3900 11162,
1392 3837 1422 3891 3.

654 3975 848 4036 CAPUT
883 3979 932 4032 tv.

234 4063 338 4152 'lpse
368 4088 485 4132 eorum
516 4071 729 4154 opinionibus
761 4067 901 4144 accedo,
942 4073 1000 4154 qui
1034 4071 1233 4136 Germaniae
1267 4071 1422 4154 populos

181 4151 279 4224 nullis
302 4145 404 4230 [aliis]
432 4156 574 4224 alierum
602 4157 773 4218 nationum
802 4153 976 4218 connubiis
1003 4155 1155 4235 inlectos,
1181 4156 1362 4239 propriam
1390 4165 1422 4218 et

179 4236 343 4298 sinceram
374 4247 408 4300 et
434 4245 564 4300 teritum
592 4240 645 4300 sui
674 4239 815 4302 similem
842 4247 973 4324 gentem
1000 4241 1167 4302 exstitisse
1188 4240 1422 4304 arbitrantur.

180 4315 274 4382 Unde
295 4319 427 4386 bibims
447 4339 582 4406 quoque
602 4341 799 4406 corporum,
838 4341 1027 4406 qimnquem
1057 4324 1094 4384 in
1122 4329 1214 4385 tento
1236 4321 1422 4392 hominum
