2770 4792
161 200 223 264 230
585 179 835 246 tuulcoutu
863 181 982 245 Vl'I'A.

167 361 233 414 nuis
252 361 352 428 quiete
372 361 401 407 et
419 352 479 406 otio
497 347 713 424 transigendis,
737 347 790 400 rix
812 348 909 400 iceret
935 341 1095 398 virtutibus
1114 343 1212 406 locus,
1240 353 1368 398 00110000

167 433 224 487 fuit
241 433 366 502 spartum
384 425 584 494 esmptamm
608 427 637 474 at
654 435 709 490 per
726 417 969 488 quadriennium,
1000 431 1059 486 quo
1077 417 1194 492 legatus
1212 419 1270 470 fuit
1287 417 1329 468 xx
1343 419 1368 470 le

168 503 269 582 gioais
287 499 442 576 Agricola,
469 493 570 548 habuit
588 491 713 564 matium
738 491 934 562 depromendi
951 491 1076 544 virtutes
1095 505 1159 541 sues
1178 489 1211 542 in
1231 491 1368 559 axunplua

168 575 331 650 praesentis
351 578 379 625 et
397 571 513 624 futurae
532 565 649 628 aetatis3
677 565 754 616 Brot.
799 565 963 616 llcluerunt
987 567 1104 616 virtutes
1128 567 1253 630 spartam
1271 571 1295 615 et
1310 562 1369 615 11011

168 652 246 719 plum
264 643 388 699 malebat
407 641 486 710 Lips.
506 639 564 694 boc
582 653 683 692 sensu:
710 635 833 690 Cerialis
857 643 887 690 et
905 639 1033 706 spatium
1052 651 1245 704 campumque
1263 651 1369 689 exerces

171 722 214 774 dis
232 715 391 773 virtutibus
409 712 506 778 dedit,
527 719 556 766 et
574 711 741 778 exemplum
760 709 822 780 ipse
842 709 922 764 enim
941 707 1032 761 bonus
1050 714 1242 776 strenuusque
1260 707 1325 760 dux:
1341 705 1369 760 set

170 804 270 847 tamen
291 787 377 842 initio
396 785 507 838 labores
526 783 665 838 duntaxat
683 789 712 836 et
729 781 864 852 pericula
882 797 949 834 cum
961 777 1098 854 Agricola
1112 780 1301 848 partiebatur,
1317 795 1369 832 mos

171 867 280 918 virtute
306 859 367 914 aius
393 857 473 912 clare
499 855 633 928 cognita,
667 853 752 908 uiam
780 853 904 907 laudem.
948 853 1015 906 Non
1043 852 1139 914 males
1171 851 1223 906 sed
1248 853 1369 926 vulgatur

171 933 389 1063 &usgaggan
406 1005 512 1056 labores
531 1017 629 1054 omnes
650 997 712 1052 edd.
733 1005 800 1052 ante
819 999 899 1051 Brot.
924 999 1028 1051 labores
1051 997 1132 1050 modo
1151 997 1214 1048 Vnt.
1233 993 1370 1052 31211011

172 1082 252 1134 Brut.
272 1078 360 1134 Bekis
372 1077 410 1130 al.
441 1075 512 1142 „sie
531 1073 607 1126 Anu.
623 1075 650 1137 1,
671 1075 715 1127 71.
735 1073 771 1138 2,
793 1075 835 1126 lt.
855 1073 899 1126 15.
937 1069 994 1124 Sed
1011 1089 1068 1124 nors
1086 1069 1166 1124 mado
1184 1069 1309 1124 Cherusci
1324 1068 1370 1130 Ana

173 1159 200 1220 1,
215 1157 260 1210 60.
274 1159 303 1206 et
313 1149 423 1204 similia
434 1148 490 1200 sl.”
512 1143 662 1200 1701010-
680 1143 900 1197 communicabat
920 1160 988 1196 cum
1003 1141 1149 1216 Agricola.
1186 1141 1320 1196 Absolute
1336 1157 1370 1194 nu

174 1225 232 1279 nisi
250 1223 280 1277 h.
301 1224 321 1276 l.
342 1221 469 1294 positum
488 1217 619 1283 ridetur,
638 1217 759 1270 fortasse
779 1223 812 1267 ut
831 1233 876 1286 ap.
896 1213 1028 1286 Thucyd
1049 1219 1083 1282 1,
1102 1219 1146 1272 39.
1175 1213 1370 1276 0000100110ςο

172 1295 361 1368 μεταδιδόναι,
384 1291 489 1346 Valet
509 1320 544 1330 -
563 1307 641 1360 saepe
656 1292 743 1360 parti
760 1293 894 1342 exercitus
914 1291 945 1341 ira
964 1289 1178 1358 exprimentem
1196 1315 1232 1326 -
1249 1285 1370 1356 praefecit

174 1371 217 1423 sic
235 1369 340 1421 Fabius
360 1383 405 1436 ap.
426 1365 490 1416 Lir.
510 1365 561 1426 21,
581 1363 606 1418 8.
628 1362 732 1428 docet,
759 1361 925 1430 periculum
954 1359 1111 1413 ductorum
1129 1359 1162 1412 in
1180 1359 1336 1413 minoribus
1351 1359 1370 1410 ia

174 1439 330 1505 ciendum,
361 1445 515 1506 antequam
542 1435 654 1487 maiora
674 1433 715 1487 eis
735 1433 890 1498 concedam
921 1431 995 1486 Vtra.
1014 1459 1051 1472 -
1070 1449 1102 1484 aa
1120 1439 1233 1494 eventu,
1260 1449 1289 1484 v.
1309 1431 1370 1484 adG

173 1519 201 1570 7,
220 1531 250 1566 n:
271 1517 296 1567 1.
316 1539 353 1552 -
370 1527 418 1563 nee
433 1511 569 1580 Agricola
586 1523 707 1578 mutua
725 1509 813 1578 gestis
831 1504 891 1559 suis
909 1507 1063 1559 exsultarit
1081 1508 1111 1556 in
1122 1503 1236 1572 scam
1254 1521 1343 1562 suma,
1360 1509 1371 1556 i

173 1589 281 1640 suumn
298 1601 378 1638 suam
397 1589 527 1667 augeret,
540 1579 590 1633 rel
609 1579 645 1634 ad
661 1597 724 1634 eam
736 1576 914 1654 aagendam
936 1577 1043 1632 Wclcb.
1063 1578 1114 1646 qui
1132 1577 1169 1630 de
1186 1575 1244 1630 boc
1262 1573 1371 1646 loquend

213 1673 283 1710 nere
307 1655 394 1726 plura
416 1654 502 1707 dixit.
546 1651 590 1705 Gi.
618 1651 653 1702 ad
680 1666 743 1718 cap.
768 1655 794 1706 5.
822 1669 850 1704 n.
869 1651 896 1704 2.
925 1658 954 1702 et
972 1649 1036 1704 lud.
1057 1667 1083 1702 r.
1115 1649 1214 1705 Oratio
1236 1667 1371 1720 pergam

171 1675 236 1782 diii
261 1729 388 1800 iungunt
411 1729 500 1796 gestis
524 1727 555 1778 isa
573 1740 653 1776 suam
665 1719 797 1790 samam,
820 1719 850 1772 b.
870 1735 894 1772 e.
915 1721 1065 1794 gloriose,
1087 1719 1127 1774 its
1145 1729 1179 1774 ut
1196 1724 1303 1774 famam
1320 1735 1371 1772 suar

176 1797 296 1850 auxerit.
315 1823 352 1836 -
371 1803 399 1846 et
416 1797 526 1846 ducem
544 1794 575 1844 in
594 1791 657 1844 Vat.
677 1795 758 1850 3129.
778 1810 811 1845 ac
827 1793 928 1844 ducens.

246 1873 273 1924 6.
310 1874 390 1919 actm
407 1867 561 1925 inuidiam,
585 1881 634 1914 nec
651 1870 749 1916 tasnen
768 1872 849 1916 estro
867 1863 991 1933 gloriam
1010 1869 1091 1925 erat,
1121 1855 1312 1916 et'inridiam
1329 1863 1371 1916 effa

199 1938 292 2005 ebat,
323 1945 352 1992 st
374 1937 507 2014 gloriam
529 1934 748 2004 assequebatur5
775 1935 886 1989 Droule
911 1933 995 1988 adh.
1016 1933 1036 1985 l.
1057 1937 1086 1988 at
1104 1933 1137 1985 in
1157 1933 1283 2004 prem.
1310 1936 1372 1990 schol

202 2018 300 2064 armet
320 2028 345 2062 a.
365 2013 445 2065 1828.
465 2027 494 2078 Ρ.
513 2008 575 2063 815.
615 2005 658 2060 Cf.
677 2007 713 2060 ed
732 2007 806 2059 Anu.
828 2014 862 2072 1,
883 2009 933 2073 13,
952 2008 979 2061 2.
1000 2013 1030 2060 et
1048 2005 1084 2060 G.
1103 2008 1146 2060 id
1167 2024 1196 2058 n.
1217 2010 1260 2064 12.
1371 2045 1372 2048 ,

653 2113 847 2168 CAPUT
884 2113 933 2168 lx.

260 2211 494 2273 Revertentem
532 2208 574 2270 ab
607 2208 771 2292 legatione
810 2209 948 2292 legionis
978 2205 1019 2268 D.
1056 2207 1282 2290 Vespasianus
1316 2211 1372 2268 inte

176 2296 335 2380 patricios
371 2293 491 2354 ascivit
520 2309 560 2352 ac
590 2287 710 2354 deinde
740 2293 934 2376 provinciae
961 2289 1161 2374 Aquitaniae
1199 2293 1372 2376 praeposui*

177 2375 370 2463 splendidae
400 2377 436 2436 in
466 2375 583 2458 primis
611 2372 644 2434 d'
669 2376 781 2436 nitatis
812 2373 1099 2436 administratione
1118 2395 1157 2436 ac
1178 2395 1237 2458 spe
1258 2376 1373 2446 consuls

176 2474 250 2540 tus,
273 2462 328 2523 cui
350 2457 539 2522 destinarat
583 2454 648 2519 Cre
672 2467 733 2519 unt
752 2459 924 2542 plerique,
946 2458 1146 2520 militaribus
1167 2461 1308 2543 ingeniis
1329 2451 1373 2522 sul

177 2547 330 2607 tilitatem
351 2541 483 2622 deesse,
513 2542 591 2624 qnia
620 2542 796 2602 castrensis
825 2537 1032 2620 iurisdictio,
1062 2561 1179 2604 secura
1201 2551 1235 2604 et
1255 2543 1373 2606 obtusio

176 2649 216 2692 ac
237 2629 334 2711 plura
356 2641 458 2688 manu
478 2645 597 2711 egeam
634 2622 846 2686 calliditatem
875 2625 941 2686 fori
963 2644 1028 2686 non
1050 2633 1210 2688 exerceat
1252 2623 1373 2710 Agrico}

177 2711 323 2774 naturali
343 2705 541 2794 prudentia,
571 2709 722 2790 quamvis
751 2709 841 2770 inter
860 2717 1007 2792 togatos,
1038 2710 1135 2770 facile
1156 2711 1311 2791 iusteque
1351 2729 1373 2766 a

177 2795 244 2858 bat.
288 2795 356 2856 lain
386 2811 468 2856 vero
498 2799 649 2872 tempora
676 2809 834 2852 curarum
860 2793 1162 2874 remissionumque
1182 2790 1302 2856 divisa.

178 2886 361 2942 conventus
382 2895 420 2936 eo
441 2872 565 2935 iudicia
585 2882 777 2956 poscerent,
800 2877 930 2960 gravis,
953 2875 1109 2946 intentus,
1132 2895 1271 2939 severus
1292 2887 1325 2939 et
1338 2895 1373 2936 sa

177 2965 255 3046 pius
276 2961 481 3021 misericorst
512 2957 572 3017 ubi
601 2957 712 3018 officio
740 2961 966 3038 satisfactum,
999 2951 1089 3019 nulla
1120 2960 1210 3022 ultra
1235 2969 1373 3042 potestat

178 3063 330 3128 persona.
376 3039 565 3101 Tristitiam
596 3047 630 3100 et
657 3041 880 3126 arrogantiam
909 3047 942 3102 et
962 3042 1138 3108 avaritiam
1159 3055 1316 3106 exuerat:
1348 3065 1373 3103 m

180 3129 250 3206 illi,
272 3121 363 3210 quod
383 3131 433 3185 est
453 3124 680 3202 rarissimum,
713 3131 772 3186 aut
792 3125 932 3185 facilitas
953 3127 1206 3206 auctoritatem,
1236 3137 1298 3190 aut
1318 3149 1371 3189 sev

180 3213 262 3274 ritas
298 3225 445 3270 amorem
477 3203 650 3268 deminuit.
708 3205 938 3294 Integritatem
968 3216 1068 3292 atque
1102 3209 1337 3272 abstinentiam
1370 3233 1373 3269 1

180 3301 270 3358 tanto
294 3293 369 3356 viro
393 3293 533 3368 referre,
554 3291 682 3352 iniuria
702 3293 869 3354 virtutum
891 3291 1003 3353 luerit
1045 3290 1099 3354 Ne
1118 3295 1239 3354 famem
1262 3293 1373 3378 quidet

181 3380 236 3440 cui
257 3379 356 3440 etiam
386 3373 464 3435 boni
494 3391 591 3456 saepe
611 3371 797 3457 indulgent.
827 3373 1020 3436 ostentanda
1041 3377 1169 3440 virtute
1193 3386 1252 3439 aut
1274 3399 1337 3461 per
1357 3398 1373 3436 a

179 3472 247 3524 tem
268 3459 453 3543 quaesivit,
471 3458 592 3600 (procul
614 3457 655 3518 ab
676 3459 896 3520 aemulatione
916 3455 1078 3524 adversus
1099 3461 1256 3545 collegas,
1293 3481 1373 3545 proc

178 3559 198 3606 'a
219 3545 429 3605 contentione
449 3559 469 3600 a
492 3559 609 3602 versus
636 3549 882 3624 procuratores.
933 3541 973 3602 Et
993 3542 1131 3606 vincere
1151 3545 1352 3630 inglorium,

181 3629 279 3690 atteri
301 3623 473 3686 sordidum
495 3623 733 3686 arbitrabatur.
1172 3643 1176 3652 ·

262 3707 378 3770 Minus
394 3706 575 3769 triennium
597 3709 632 3767 in
654 3727 692 3768 ca
713 3709 874 3792 legatione
890 3705 1042 3770 detentus
1064 3727 1103 3770 ac
1124 3712 1234 3771 statim
1257 3711 1302 3774 ad
1322 3732 1373 3795 spe

179 3793 368 3856 consulatus
399 3799 574 3853 revocatus
607 3797 671 3869 est,
715 3793 891 3852 comitante
922 3791 1100 3874 opinione,
1140 3791 1352 3857 Britanniam

177 3875 388 3960 provinciam
417 3871 509 3949 dari3
540 3874 640 3936 nullis
668 3874 704 3935 in
725 3875 788 3936 hoc
810 3877 880 3936 suis
902 3873 1131 3954 sermonibus,
1161 3875 1218 3940 sed
1239 3883 1327 3962 quia
1354 3901 1373 3962 p

178 3957 365 4022 videbatur.
406 3954 506 4017 Hand
525 3977 656 4040 semper
677 3967 771 4019 errat
791 3961 895 4034 fama,
917 3955 1093 4040 aliquando
1115 3970 1149 4021 et
1170 3961 1282 4046 elegit.
1329 3961 1373 4024 Co

179 4043 229 4104 sul
251 4041 406 4127 egregiae
427 4047 498 4100 tum
518 4043 589 4124 spei
616 4042 717 4102 filiam
739 4043 854 4104 inveni
876 4042 958 4102 mibi
981 4039 1156 4124 despondit
1176 4063 1215 4104 ec
1236 4055 1317 4128 post
1339 4065 1373 4106 co

177 4127 322 4187 sulatum
344 4121 535 4202 collocavit,
556 4131 589 4184 et
610 4127 720 4186 statim
742 4123 934 4188 Britanniae
956 4128 1166 4208 praepositus
1187 4135 1259 4208 est,
1282 4129 1373 4192 adia

179 4207 394 4292 pontificatus
415 4205 609 4269 sacerdotio.

250 4321 276 4372 1.
314 4315 522 4378 Revertentem,
552 4333 720 4382 reversum,
745 4321 785 4386 (v.
804 4311 847 4372 'ad
866 4335 890 4371 c.
911 4320 955 4375 28.
975 4337 1003 4372 n.
1024 4323 1065 4390 2.)
1092 4320 1262 4397 Agricolam
1287 4327 1327 4380 ct
1347 4329 1373 4390 1<
