2868 4798
176 193 248 256 2521
276 133 281 152 i
589 185 838 253 AGRICOLAE
862 187 981 250 VITA.

177 356 266 408 ctitur
283 363 310 409 et
331 362 373 407 est
391 356 454 409 iere
474 353 512 406 id.
533 354 579 422 qd
607 354 727 426 denique.
761 353 927 419 CtDonat.
947 353 983 406 ad
1001 353 1066 406 Ter.
1088 351 1202 406 Phonn.
1225 357 1258 417 1,
1277 354 1311 416 2,
1331 353 1402 405 71.”

180 428 282 480 Walclr.
321 427 386 496 ipse
404 435 501 478 tannen
520 443 545 478 c.-
564 431 608 482 31.
631 426 707 479 illud
727 427 825 480 Germ
847 425 976 479 reddidit
987 425 1092 497 semer.

634 609 826 664 CAPUT
862 609 934 662 XVI.

258 737 323 798 His
344 745 443 819 atque
465 738 586 800 talibus
608 741 752 805 invicem
773 743 939 819 instincti,
972 736 1152 810 Boudicca,
1210 739 1316 798 enoris
1343 757 1396 798 re-

175 824 221 909 gii
252 823 393 900 femina,
431 818 514 882 duce
543 819 665 904 (neque
695 827 783 886 enim
811 845 924 888 sexum
951 823 987 884 in
1013 825 1164 904 imperiis
1185 759 1398 891 discernunt)

174 925 345 988 sumpsere
366 907 516 967 universi
537 906 678 985 bellum,
719 928 757 969 ac
786 927 917 990 sparsos
939 927 1001 1049 per
1021 907 1153 969 castella
1172 906 1293 966 milites
1316 923 1400 964 con-

174 991 309 1066 sectati,
337 991 530 1074 expugnatis
552 989 745 1070 praesidiis,
775 994 880 1074 ipsam
902 1010 941 1051 co
955 991 1064 1050 oniam
1086 990 1256 1067 invasere,
1283 997 1320 1048 ut
1343 1007 1393 1047 se-

173 1071 246 1134 dem
269 1073 451 1134 servitutis.
494 1070 565 1132 Nec
597 1074 701 1135 ullum
732 1077 766 1134 in
797 1075 948 1136 barbaris
980 1074 1136 1134 saevitiae
1158 1092 1261 1171 genus
1280 1073 1398 1131 omisit

172 1159 224 1218 ira
245 1165 278 1217 et
298 1157 453 1218 victoria.
503 1153 686 1235 Quodnisi
707 1157 883 1235 Paulinus,
921 1159 1051 1240 cognito
1073 1159 1266 1238 provinciae
1287 1164 1395 1228 motu,

172 1259 314 1322 propere
336 1238 554 1316 subvenisset,
576 1243 695 1301 amissa
716 1241 888 1302 Britannia
910 1243 1006 1300 foret.
1049 1239 1155 1320 Quam
1176 1240 1276 1300 unius
1297 1257 1396 1320 prae-

171 1325 209 1386 lii
230 1325 365 1384 fortuna
385 1324 493 1386 veteri
539 1326 692 1386 atientiae
714 1327 872 1401 restituit,
895 1321 1082 1385 tenentibus
1104 1342 1196 1385 arura
1212 1323 1393 1404 plerisque,

218 1425 254 1466 os
276 1406 479 1466 conscientia
523 1407 691 1468 eiectionis
713 1417 746 1469 et
766 1410 905 1490 propius
928 1426 968 1468 ex
990 1407 999 1467 l
1040 1415 1094 1468 ato
1116 1408 1217 1466 timor
1238 1405 1394 1490 agitabat.

207 1491 238 1549 ic
263 1508 386 1571 qilum,
410 1490 562 1574 egregius
584 1497 710 1568 cetera,
743 1499 940 1577 arroganter
960 1492 995 1549 in
1040 1488 1144 1550 editos
1166 1497 1220 1564 et,
1254 1496 1292 1548 ut
1313 1507 1397 1548 suae

171 1592 303 1655 quoque
324 1573 468 1634 iniuriae
489 1571 590 1650 ultor,
615 1569 732 1634 durius
754 1575 951 1651 consuleret,
973 1575 1092 1634 missus
1114 1571 1288 1633 Petronius
1303 1569 1397 1631 Tur-

170 1657 331 1740 pilianus,
359 1665 514 1736 tanquam
536 1657 758 1732 exorabilior,
790 1666 822 1720 et
844 1656 972 1718 delictis
994 1657 1139 1718 hostium
1160 1676 1266 1718 novus
1288 1674 1396 1735 eoque

215 1740 392 1802 euitandas
418 1739 553 1815 mitior,
590 1742 779 1822 compositis
807 1741 995 1823 prioribus,
1035 1741 1119 1802 nihil
1154 1742 1246 1802 ultra
1280 1758 1395 1814 ausus,

201 1822 337 1882 rebellio
366 1818 513 1880 Maximo
543 1825 752 1901 provinciam
773 1821 921 1884 tradidit.
973 1821 1178 1900 Trebellius,
1206 1824 1338 1906 segnior
1361 1829 1397 1882 et

170 1905 268 1965 nullis
290 1911 475 1963 castrorum
505 1905 760 1984 experimentis,
797 1908 952 1965 comitate
979 1902 1119 1985 quadam
1148 1902 1288 1966 curandi
1314 1922 1396 1984 pro-

168 1989 313 2050 vinciam
335 1988 453 2046 tenuit.
498 1983 656 2047 Didicere
677 1990 742 2048 iam
764 1987 900 2047 barbari
921 2006 1054 2070 quoque
1075 1989 1267 2071 ignoscere,
1298 1986 1394 2046 vitiis

169 2067 425 2146 blandientibus,
448 2077 481 2129 et
501 2068 710 2131 interventus
735 2071 884 2131 civilium
906 2089 1076 2130 armorum
1097 2069 1251 2151 praebuit
1271 2069 1396 2129 iustam

170 2153 328 2238 segnitiae
350 2153 604 2214 excusationem.
649 2149 715 2214 Sed
737 2151 903 2214 discordia
924 2154 1127 2232 laboratum,
1157 2173 1259 2234 quum
1281 2171 1393 2212 assue-

168 2247 222 2298 tus
244 2232 509 2316 expeditionibus
530 2237 624 2298 miles
646 2239 714 2298 otio
737 2238 916 2298 lasciviret.
957 2235 1162 2304 Trebellius.
1187 2239 1265 2320 fuga
1286 2255 1324 2294 ac
1348 2235 1395 2294 la-

167 2321 271 2382 tebris
293 2319 397 2382 vitata
419 2321 582 2380 exercitus
604 2322 674 2397 ira,
709 2318 886 2382 indecorus
915 2327 1014 2400 atque
1042 2320 1197 2398 humilis,
1238 2320 1395 2400 precario

167 2423 241 2464 mox
264 2402 430 2485 praefuit,
451 2421 489 2462 ao
510 2403 603 2464 velut
623 2405 731 2484 pacti,
754 2405 917 2464 exercitus
941 2395 1123 2478 licentiam,
1146 2399 1212 2462 dux
1234 2403 1393 2462 salutem:

167 2489 246 2548 haec
268 2483 386 2546 seditio
414 2487 486 2544 sine
518 2489 677 2571 sangnine
708 2489 808 2548 stetit.
859 2485 928 2546 Nec
957 2485 1093 2546 Vettius
1124 2485 1284 2563 Bolanus,
1321 2503 1393 2543 ma-

166 2571 319 2632 nentibus
341 2566 449 2629 adhuc
473 2569 627 2630 civilibus
654 2571 765 2640 bellis,
800 2571 939 2669 agitavit
968 2569 1172 2632 Britanniam
1206 2567 1391 2650 disciplina.

164 2653 286 2716 Eadem
306 2653 427 2714 inertia
447 2671 525 2738 erga
553 2653 684 2733 hostes,
730 2655 845 2716 similis
875 2653 1058 2736 petulantia
1084 2659 1288 2732 castrorum,
1324 2654 1392 2710 nisi

165 2735 254 2820 quod
275 2737 431 2798 innocens
452 2735 596 2798 Bolanus
618 2746 652 2799 et
672 2737 771 2799 nullis
795 2735 920 2798 delictis
951 2737 1079 2798 invisus
1101 2738 1272 2800 caritatem
1293 2755 1392 2818 para-

164 2829 261 2885 verat
282 2821 353 2882 loco
378 2821 598 2882 auctoritatis.

236 2960 260 3008 1.
299 2953 351 3007 ilis
379 2961 459 3024 utque
485 2954 590 3008 talibus
614 2957 741 3010 institisti
759 2963 813 3010 cet.
845 2975 934 3026 usque
964 2957 998 3012 ad
1026 2955 1113 3010 finem
1142 2953 1257 3024 capitis,
1291 2953 1327 3003 ef.
1354 2949 1390 3001 ad

164 3029 240 3081 Anu.
259 3029 314 3092 11,
333 3031 384 3092 31,
405 3031 429 3080 1.
466 3027 608 3090 instincti,
631 3025 715 3082 used
735 3030 769 3082 ll.
789 3035 820 3090 1,
840 3033 891 3090 21,
910 3035 936 3087 6.
956 3059 991 3070 -
1025 3030 1178 3084 Boudicca.
1205 3045 1230 3078 v.
1259 3023 1294 3075 ad
1313 3023 1389 3076 Anu.

163 3103 214 3166 11,
232 3104 283 3167 31,
305 3101 331 3153 2.
351 3127 386 3138 -
416 3117 499 3170 neque
517 3107 697 3156 enimsexum
716 3108 745 3156 ia
764 3108 829 3172 imp.
849 3105 890 3165 d,
920 3105 956 3156 cf.
986 3103 1059 3154 Anu.
1084 3105 1131 3162 12,
1152 3103 1195 3154 it).
1216 3101 1263 3161 11,
1282 3099 1328 3151 35.
1360 3103 1388 3146 el

163 3173 199 3226 G.
219 3175 245 3227 7.
266 3191 294 3224 n.
316 3177 396 3225 1.-
427 3187 564 3241 sumpsere
583 3179 704 3227 universi
721 3176 836 3235 beilum,
865 3197 891 3231 v.
911 3176 947 3228 ad
965 3175 1039 3227 Ann.
1060 3177 1094 3241 2,
1114 3175 1164 3232 ts.
1186 3177 1210 3224 1.
1230 3197 1265 3208 -
1295 3175 1390 3236 ipsam

161 3247 315 3304 colonicam,
335 3243 576 3298 Camulodunum.
597 3265 623 3298 v.
645 3247 680 3298 ad
698 3247 770 3300 Anu.
791 3250 843 3314 12,
863 3253 906 3306 32.
926 3273 961 3287 -—
999 3249 1086 3300 eedem
1104 3249 1254 3301 serenata,
1273 3241 1388 3302 urbem,

162 3317 210 3370 dbi
230 3325 323 3371 essent
342 3317 474 3382 domini,
494 3319 560 3372 Em.
599 3317 783 3372 Coloniarum
803 3317 875 3374 haee
894 3321 942 3373 vel
960 3319 1115 3389 praecipua
1134 3318 1227 3378 ratio,
1252 3320 1285 3365 ut
1304 3329 1389 3364 coer·

162 3399 300 3443 cerentur
317 3390 431 3460 priores
450 3389 569 3460 populi,
591 3390 665 3444 Vir-ol.
704 3393 768 3456 „Gt
789 3394 885 3462 potius
904 3407 966 3460 cap.
985 3395 1018 3449 21
1040 3399 1114 3445 extr.
1133 3389 1197 3452 (ubi
1215 3407 1242 3439 v.
1262 3393 1332 3438 nota
1346 3389 1390 3443 1.)

163 3464 240 3517 Sedes
258 3468 414 3522 seruitutis,
449 3471 483 3514 ut
506 3467 632 3524 classem,
656 3483 745 3518 arcem
771 3474 968 3519 commeatuum
987 3465 1147 3527 tt.a,13.·
1175 3459 1222 3528 (ex
1240 3457 1388 3528 probabili

161 3536 272 3589 emend.
293 3536 384 3605 Lips.)
402 3537 538 3595 bidental,
564 3541 706 3590 rastellum
724 3544 846 3592 omnium
863 3541 991 3592 scelerum
1010 3537 1072 3587 tir.
1091 3539 1121 3599 3,
1141 3535 1185 3588 57.
1223 3533 1321 3584 Arcem
1339 3529 1389 3580 hu-

159 3613 220 3662 bent
238 3627 269 3662 ex
287 3611 383 3666 sociiis
402 3615 499 3662 nestris
523 3610 593 3663 Sall.
621 3609 688 3661 bist.
708 3615 734 3664 3.
762 3611 812 3662 ubi
838 3627 865 3662 v.
887 3611 985 3663 Gort.''
1017 3605 1120 3660 Woich.
1150 3634 1187 3646 -
1223 3609 1319 3658 omisit
1351 3620 1388 3655 ex

161 3679 274 3735 ernend.
294 3679 385 3734 llhen.
412 3685 510 3734 amisit
528 3683 588 3734 Put.
609 3688 687 3747 tres,
715 3681 777 3735 Riv.
798 3683 862 3736 Ber.
883 3681 973 3736 Rhen.
993 3685 1016 3734 1.
1036 3709 1072 3720 -
1101 3683 1146 3732 iro
1175 3687 1200 3731 et
1223 3681 1342 3730 victoria
1360 3676 1389 3727 ἓν

161 3755 208 3808 διὰ
227 3754 304 3807 donis
321 3769 375 3822 pro
394 3759 439 3807 ira
456 3757 574 3807 nidoris.
606 3769 632 3804 v.
654 3753 690 3806 ad
709 3771 733 3806 c.
752 3759 796 3810 16.
816 3773 844 3807 n.
863 3761 888 3810 3.
925 3753 981 3810 Sed
1005 3753 1117 3804 dictum
1141 3750 1238 3820 potius
1262 3765 1319 3818 pro
1344 3753 1390 3799 ira

162 3835 188 3881 et
210 3829 341 3948 υἰὲἱὲἰαι
373 3831 485 3882 licentia
515 3825 575 3879 sive
607 3829 652 3878 iro
677 3834 703 3879 et
729 3830 844 3881 licentia
868 3833 1018 3889 uictorum,-
1050 3825 1136 3877 Boett-
1170 3823 1202 3874 in
1226 3823 1295 3874 Lex.
1320 3820 1388 3872 Tac.

161 3917 180 3970 P
233 3973 259 4026 2.
297 3973 407 4040 cognito
422 3975 579 4039 prouinciae
596 3979 672 4024 motu
697 3987 722 4022 c.
743 3973 804 4023 Vat.
823 3973 904 4028 site
925 3969 987 4024 edd.
1008 3971 1069 4021 Put.
1091 3971 1116 4022 1.
1136 3971 1163 4024 2.
1183 3966 1257 4020 Era.
1277 3973 1306 4019 et
1328 3983 1388 4018 rec.

162 4065 192 4098 eo
210 4047 322 4114 cognito
340 4061 381 4112 pr.
401 4061 436 4096 m.
456 4045 517 4096 Put.
536 4049 563 4100 3.
583 4043 647 4096 ltiv.
668 4037 731 4096 Berss
750 4043 841 4096 Rhen.
862 4053 939 4106 tres,
959 4041 1024 4094 Ald.
1042 4069 1079 4081 -
1108 4057 1192 4112 quam
1209 4045 1291 4092 unius
1306 4057 1389 4108 proe-

161 4115 327 4186 infortuna
345 4119 385 4179 (v.
406 4114 478 4167 ann.
501 4120 552 4182 11,
572 4118 630 4178 37.)
661 4120 744 4169 veteri
760 4121 909 4186 patientiae
927 4119 1064 4174 restitnit,
1090 4113 1203 4174 effecit,
1223 4121 1256 4164 ut
1274 4111 1387 4172 eadem,

161 4207 217 4258 qua
236 4197 318 4241 antea
337 4195 366 4241 et
386 4187 471 4252 otim,
490 4188 632 4256 patientia
650 4205 739 4242 onera
757 4189 811 4241 sibi
830 4187 962 4259 imposita
981 4188 1144 4240 sustineret.
1184 4183 1323 4238 Patientia
1342 4201 1390 4236 re-

161 4279 225 4312 rum
245 4260 394 4326 duranum,
416 4255 585 4311 difficilium
606 4267 691 4328 atque
711 4279 876 4331 asperarum
895 4259 1060 4313 voluntaria
1077 4259 1243 4329 perpessio,
1268 4257 1388 4310 timuit.

159 4333 195 4386 ad
213 4333 322 4387 Tibull.
341 4339 374 4399 3,
393 4333 421 4398 2,
442 4335 515 4387 5.-
533 4336 685 4387 tenentibus
705 4353 785 4390 arma
802 4339 945 4405 plerisque,
966 4333 1007 4386 ite
1026 4340 1122 4386 tannen
1143 4339 1172 4382 ut
1193 4331 1387 4400 (quanquam,
