2792 4792
536 217 679 285 oleos
699 219 791 286 XXi.
1218 227 1277 292 tot

60 397 109 458 bos
130 401 164 456 et
184 389 346 476 hospitiis
365 403 433 450 nou
462 387 527 451 alia
556 409 636 480 gens
667 391 804 452 effusius
829 386 989 477 indulget.
1043 391 1281 479 Quemcunque

56 479 239 540 mortalium
260 481 503 554 accersissem,
525 477 616 535 nefas
637 473 797 537 habetur:
819 493 882 560 pro
903 477 1038 538 femena
1058 479 1199 560 quisque
1220 499 1278 566 ap.

56 564 169 646 paratio
192 559 302 643 epulis
323 557 455 657 excipit.
499 555 611 640 Quum
633 555 794 640 defecere,
816 559 874 642 qui
895 556 993 620 modo
1015 559 1133 643 hospes
1156 565 1277 643 iuerat,

54 654 250 708 momtrator
270 642 409 724 hospitis
437 649 472 704 et
500 659 618 702 eomes.
669 639 856 704 Proximam
888 639 1022 704 domum
1048 663 1114 706 nou
1143 647 1277 712 invitati

54 729 191 807 adeunt,
213 745 276 790 nee
289 727 446 802 interest3
467 726 543 808 pari
560 723 765 788 humanitate
777 727 999 872 accipiiuntur.
1043 725 1169 792 Notum
1184 731 1277 817 igno.

55 823 205 898 tumque,
228 817 389 894 qnantum
410 805 452 870 ad
473 809 526 868 ius
548 807 706 891 hospitis,
728 827 825 872 nemo
882 811 1015 872 scernit.
1057 810 1220 894 Absenti,
1248 818 1277 878 si

53 895 126 980 qnid
146 893 357 978 poposcerit,
395 887 577 954 concedere
605 893 726 972 moris,
760 900 794 955 et
823 891 979 977 poscendi
1000 895 1143 958 invicem
1164 897 1277 961 eedem

53 981 200 1041 facilitas.
252 973 406 1038 Gaudent
426 975 642 1051 muuerihns3
672 973 730 1037 sed
751 995 812 1037 nec
832 975 908 1038 data
928 979 1113 1062 imputant,
1143 1000 1204 1044 nec
1225 1001 1277 1045 ac.

53 1067 150 1148 ceptis
172 1063 373 1148 obligantur.
416 1057 538 1121 Victus
559 1059 648 1122 inter
670 1059 815 1144 hospites
837 1061 950 1122 comis.

118 1203 145 1253 1.
186 1195 328 1266 Suscipere
346 1201 407 1246 tarn
424 1196 532 1260 (tarnem
551 1210 577 1247 c.
596 1193 682 1258 Tur.)
701 1195 872 1247 inimicitias
890 1194 994 1262 (Germ.
1012 1195 1137 1268 Fapdas,
1162 1199 1277 1262 Faidae,

52 1271 169 1335 reden)
186 1287 236 1323 sea
249 1270 347 1338 patris
363 1283 411 1320 aea
424 1269 599 1338 propinqui,
617 1283 700 1337 quam
718 1270 879 1330 contuitione,
898 1285 1000 1320 nemeae
1019 1277 1074 1332 est,
1092 1289 1120 1324 v.
1140 1272 1177 1326 ad
1196 1291 1220 1326 ο.
1233 1279 1276 1330 12.

52 1363 76 1396 n.
97 1348 121 1400 7.
141 1342 181 1396 ad
199 1359 224 1394 ο.
244 1343 289 1397 20.
308 1357 338 1393 ιι.
357 1343 401 1394 10.
435 1341 541 1394 Antan.
567 1340 615 1392 IV.
642 1357 671 1410 p.
691 1343 753 1395 tet.
773 1343 834 1398 135.
867 1340 991 1396 Weiske
1017 1359 1046 1412 p.
1065 1346 1169 1414 msq.
1206 1347 1278 1414 „Sic

51 1417 124 1486 apud
149 1421 265 1468 veteres
293 1411 418 1484 populos
453 1411 637 1477 consultum,
680 1429 717 1466 ne
746 1411 919 1482 impunitate
949 1413 1110 1488 gliscerent
1142 1417 1275 1474 iniuriae.

50 1487 134 1560 Apud
150 1487 338 1540 bellatricem
356 1499 427 1538 rero
446 1492 565 1609 {entem
592 1491 621 1537 et
648 1484 681 1536 in
700 1485 799 1540 caedes
817 1485 897 1538 ultro
915 1495 1050 1540 ruentem
1069 1489 1278 1560 sapientissime

51 1561 219 1632 pmvisum,
251 1567 286 1610 ut
303 1558 351 1610 ira
367 1557 451 1627 placa
471 1557 518 1610 ilis
536 1557 614 1612 foret
632 1556 787 1626 ipsumque
804 1557 984 1612 homicidium
1002 1576 1060 1612 non
1078 1569 1192 1628 morte,
1227 1564 1277 1617 sed

50 1633 143 1704 prefio
163 1635 288 1686 tumtur
305 1637 335 1684 ei
353 1634 482 1682 universa
500 1629 596 1682 domm
621 1629 770 1684 interiecti
796 1633 931 1700 reciperet
953 1631 1186 1701 satisfactionem.
1229 1637 1278 1690 sic

51 1708 125 1759 enim
143 1721 233 1759 ummo
251 1705 398 1768 infensus,
427 1717 513 1756 nemo
533 1701 569 1755 ad
586 1702 731 1755 ultionem
752 1703 879 1756 intentus
897 1713 1005 1758 manet.
1043 1707 1081 1758 At
1099 1723 1136 1760 ne
1153 1723 1279 1777 pauper·

49 1787 105 1832 tate
126 1783 275 1832 cresceret
297 1775 533 1829 interfectoribus
555 1773 690 1841 andacia,
727 1775 838 1845 optime
864 1773 958 1828 adhuc
983 1777 1147 1832 consultum
1171 1781 1277 1850 primo,

51 1861 82 1904 nt
98 1849 249 1904 homicida
267 1855 408 1919 quantum
426 1847 548 1902 haberet
566 1847 711 1914 solveret,
749 1847 855 1901 deinde
873 1848 960 1902 atde
978 1849 1094 1920 reliquo
1114 1852 1278 1908 satisfacere

50 1929 203 1978 tenerem·
228 1927 359 1976 tanmem
383 1921 480 1974 &mus
514 1920 722 1974 interfectoris.
765 1919 873 1987 Quibus
891 1921 995 1975 ritibus
1020 1923 1050 1976 id
1076 1933 1277 2000 perageretur,

50 1997 132 2050 docet
149 1997 214 2050 Lex
234 1995 293 2049 sal.
312 1995 357 2048 tit.
377 1997 423 2050 61.
450 1993 486 2048 de
515 1991 602 2046 (ihren
631 1993 711 2046 cru&
738 1995 855 2058 (vacuo)
873 1993 931 2069 leg.
953 1999 979 2050 1.
1000 2003 1029 2050 et
1046 1999 1074 2054 2.
1111 1999 1147 2051 Iu
1164 1995 1219 2052 hec
1237 2007 1279 2052 ta-

49 2066 565 2196 ffi„¹5³5,{},„2222„3³}{¹,5ffi22t‘¹
579 2065 1005 2213 ..iiliiidmniissiii
1023 2069 1099 2196 iiii
1126 2071 1278 2199 iiiiii

49 2215 182 2270 moestus
201 2231 255 2268 rex
273 2213 388 2266 Decret.
408 2213 437 2266 le
459 2251 466 2265 .
484 2213 527 2267 15.
547 2211 650 2266 lllelius
661 2227 733 2288 ergo
751 2211 994 2266 scanadeusibus
1012 2161 1172 2285 proviiism,
1213 2235 1278 2272 enea

50 2305 117 2356 qnos
134 2303 198 2342 non
217 2231 554 2352 intersecantium,
585 2283 635 2338 sed
660 2292 737 2338 totus
755 2284 837 2338 ricus
856 2285 1002 2339 satisfacit.
1034 2305 1062 2341 r.
1083 2289 1112 2343 P.
1134 2289 1169 2345 de
1233 2309 1279 2344 ar-

50 2362 145 2414 leroix
164 2359 291 2417 burnel
308 2356 377 2412 hist.
397 2357 466 2412 d’un
484 2373 552 2427 roy.
572 2356 608 2412 de
626 2355 810 2427 l’llmerique
829 2373 856 2428 p.
877 2359 959 2413 stoc
985 2360 1064 2414 Brot.
1102 2363 1146 2417 Gi.
1174 2372 1204 2417 et
1222 2363 1280 2418 Ge-

49 2433 134 2489 baner
149 2453 182 2506 p.
201 2433 366 2490 oss-750.
394 2430 444 2484 ubi
462 2437 559 2484 tamen
579 2433 750 2484 inimicitias
770 2437 880 2483 tantum
900 2449 916 2484 e
935 2431 1022 2486 caede
1036 2439 1133 2504 patris
1150 2454 1198 2490 seu
1216 2455 1281 2506 pro-

47 2511 147 2579 pinqui
165 2505 303 2561 oriundas
321 2503 352 2558 h.
372 2505 393 2558 l.
414 2502 577 2579 significari
601 2503 738 2574 putabat,
771 2501 968 2574 heredemque
995 2507 1084 2560 occisi
1112 2511 1279 2564 necessitate

50 2581 118 2634 imis
135 2579 228 2634 fuisse
245 2579 437 2644 adstrictum,
456 2583 489 2628 ut
507 2591 609 2630 necem
628 2577 703 2644 eius,
732 2576 815 2628 cuius
833 2575 982 2650 legitimus
1002 2588 1075 2633 esset
1091 2578 1195 2646 heres,
1220 2599 1280 2636 non

51 2654 233 2724 relinqueret
252 2650 393 2714 inultam,
427 2648 504 2720 apud
528 2647 689 2702 concilium
715 2647 856 2702 maleficii
880 2655 1028 2704 auctorem
1050 2662 1198 2708 commoret
1216 2663 1246 2709 et
1263 2675 1280 2709 a

50 2729 186 2782 murima
213 2733 265 2778 aut
292 2725 420 2776 confesm
446 2721 586 2774 mulctam
611 2724 749 2775 auferret.
788 2737 892 2774 necesse
915 2729 974 2783 est,
1006 2723 1024 2776 i.
1051 2741 1076 2778 e.
1102 2741 1161 2778 non
1188 2728 1279 2782 moris

51 2807 178 2864 mann,
204 2799 255 2853 sed
274 2795 367 2850 cilicii
387 2801 445 2860 ests
475 2811 539 2856 nec,
566 2809 628 2847 non
646 2801 758 2858 nmen,
784 2793 890 2846 easta.
917 2794 955 2848 ad
979 2793 1010 2850 ls.
1037 2795 1058 2850 l.
1085 2805 1113 2850 et
1142 2800 1177 2852 ad
1204 2801 1277 2872 Nep.

50 2872 191 2926 Themin.
212 2876 264 2940 1⁰,
283 2869 310 2926 5.
331 2887 359 2922 v.
380 2867 417 2920 ad
436 2885 497 2938 cap.
517 2867 562 2924 15.
581 2885 610 2920 ιι.
631 2871 676 2926 12.
713 2866 908 2936 implacabiles
926 2867 1067 2923 derodant
1085 2870 1160 2925 olim
1178 2871 1211 2926 in
1228 2875 1281 2927 Pa·

51 2946 172 2998 laestina
200 2951 232 2998 et
262 2942 349 2998 etiam
372 2957 451 2994 nunc
478 2941 585 2995 duraret
611 2943 644 2994 in
671 2937 776 2994 Arabia
808 2947 838 2994 et
861 2941 990 3010 Perside,
1032 2943 1084 2996 ubi
1117 2943 1280 3002 hereditate

50 3018 289 3072 uammittuutur
307 3013 482 3068 inimicitiae
502 3021 532 3067 et
550 3013 650 3069 caedes
677 3011 801 3066 alicuius
828 3011 863 3066 ab
887 3031 938 3080 eo,
976 3015 1028 3086 qui
1055 3019 1195 3093 sanguine
1223 3019 1280 3091 ipsi

49 3091 203 3161 proximu
224 3097 253 3144 et
271 3087 353 3143 ultor
371 3087 469 3141 caedis
489 3093 549 3154 est,
573 3075 650 3168 (hill)
668 3085 861 3152 vindicatur,
896 3087 1038 3142 mulctam
1056 3107 1127 3145 vero
1146 3091 1281 3164 accipere

51 3201 239 3256 inhonestum
264 3206 408 3254 censetur.
454 3195 498 3250 ot.
529 3191 683 3250 Michaelis
716 3197 786 3250 Mos.
814 3193 908 3249 Recht
929 3197 968 3250 11.
994 3193 1026 3268 5.
1046 3202 1109 3256 131.
1146 3199 1282 3256 Niebuhr

50 3274 166 3330 haebr.
186 3290 247 3329 von
260 3271 387 3326 Arabica
404 3289 433 3342 p.
447 3272 483 3326 32
490 3285 532 3340 sq.
552 3267 682 3323 chardin
699 3269 772 3340 Voy.
791 3269 843 3336 Vl,
864 3271 925 3326 107.
945 3268 1021 3324 Jahn
1032 3270 1103 3326 bibl.
1123 3271 1279 3329 Archaeol.

50 3347 93 3410 ll,
111 3349 139 3402 2,
160 3343 191 3415 5.
212 3350 277 3403 210.
296 3363 326 3416 p.
346 3345 515 3402 ste-378.
554 3341 597 3394 De
622 3341 837 3396 reconciliandis
856 3345 974 3395 invicem
993 3347 1120 3399 inimicis
1141 3349 1172 3400 in
1190 3351 1282 3400 conoi-

48 3423 99 3473 tiis
117 3421 285 3475 comeam
302 3435 365 3488 cap.
384 3419 428 3474 22.
467 3415 503 3470 ln
522 3411 699 3468 Gothlandia
719 3413 763 3483 (ut
782 3413 815 3468 in
827 3415 997 3482 Palaestina,
1017 3415 1125 3472 Arabia
1143 3427 1171 3473 et
1185 3419 1281 3485 ltalia,

50 3510 75 3544 s.
93 3491 173 3546 ialin
191 3493 214 3546 l.
234 3493 270 3558 l.)
289 3509 348 3543 una
366 3507 433 3542 cam
455 3505 507 3556 eo,
541 3488 594 3556 qui
617 3486 816 3542 homicidium
841 3489 965 3555 fecerat,
998 3489 1031 3542 in
1048 3491 1162 3560 asylum
1181 3494 1282 3546 confu-

48 3583 116 3638 gere
135 3565 280 3620 debebant
296 3570 396 3634 pater,
415 3561 475 3614 filii
494 3579 528 3616 ac
545 3561 662 3628 iratres,
682 3577 719 3615 ne
737 3561 901 3632 propinqui
921 3561 1169 3632 interemptorum
1188 3583 1224 3620 ex
1243 3565 1281 3620 iia

51 3655 166 3710 anaqam
185 3639 333 3692 ultionem
350 3641 501 3706 peteme
523 3635 607 3689 oreti.
626 3633 696 3688 coll.
716 3631 905 3708 Geta-Lagis
924 3639 977 3701 13,
997 3639 1022 3689 1.

117 3747 148 3802 2
187 3745 296 3801 luitur
314 3747 389 3798 enim
408 3747 494 3798 stiam
512 3741 708 3804 homicidium,
738 3749 932 3796 nectentem
958 3743 990 3794 iu
1014 3743 1112 3799 duello
1138 3751 1188 3799 aut
1205 3745 1281 3814 rixa,

52 3819 100 3879 (ct.
121 3837 188 3891 cap.
212 3825 254 3876 to.
276 3827 305 3874 et
323 3819 384 3884 22.)
402 3817 452 3871 sed
471 3817 560 3872 etiam
578 3833 634 3888 per
651 3814 785 3868 fraudem
806 3823 834 3870 et
853 3833 889 3870 ex
909 3814 1025 3870 insidiis
1043 3819 1172 3885 factum,
1197 3817 1283 3888 (otor-

51 3892 177 3956 twdaem)
207 3899 284 3946 oeric
307 3897 502 3944 armentorum
526 3908 560 3942 ac
581 3905 710 3960 pecorum
733 3905 865 3950 numero,
896 3907 923 3942 v.
952 3888 988 3942 ad
1012 3905 1075 3961 cap.
1095 3891 1137 3946 12.
1158 3909 1186 3944 ιι.
1206 3895 1234 3948 7.
1253 3897 1282 3944 et

51 3967 125 4018 conf.
147 3965 237 4020 llum.
257 3965 297 4020 Jl.
318 3967 370 4030 te,
389 3967 442 4021 tot
452 3981 494 4032 sq.
515 3991 552 4002 -
570 3961 699 4016 universa
716 3961 813 4014 domus
832 3965 934 4034 recipit
951 3962 1193 4032 satisfactionem,
1212 3979 1281 4028 non,

50 4039 190 4092 etmulti
214 4039 399 4104 existimant,
419 4037 521 4101 (etiam
540 4037 653 4090 Moesos·
669 4035 766 4105 pao.)
785 4035 925 4088 mulctam
944 4037 1073 4107 accipit3
1093 4039 1174 4099 (narn
1194 4034 1282 4088 huius

51 4115 163 4164 tanturn
205 4129 254 4164 ars
273 4110 450 4181 propinquis
469 4117 498 4164 et
515 4110 592 4162 laeso
620 4107 720 4173 datur,
748 4123 811 4178 cap.
832 4109 889 4175 12.)
918 4125 1012 4178 neque
1037 4109 1198 4180 explicatio
1224 4107 1282 4162 Ge-

52 4181 149 4238 baueri
168 4129 214 4256 (g.
233 4182 312 4252 750.)
337 4183 483 4254 probanda
501 4181 636 4236 ridetur:
665 4182 777 4234 mulcta
802 4197 838 4234 ex
856 4198 889 4236 re
909 4179 1036 4236 iudicata
1055 4181 1217 4235 accusatori
1237 4197 1282 4235 so·

53 4251 124 4322 luta,
144 4262 278 4312 enicem
295 4255 393 4309 domus
416 4255 457 4307 ita
475 4254 570 4309 eredit
585 4251 642 4306 sibi
660 4269 715 4306 aeae
733 4251 930 4322 satisfactum,
948 4261 981 4306 ut
999 4253 1033 4307 ab
1052 4251 1186 4309 omnibns
1206 4255 1281 4308 caesi

55 4329 277 4406 mmmguinets
296 4326 377 4381 nillil
395 4327 522 4398 amplius
541 4325 638 4380 caedis
658 4341 740 4379 censa
758 4328 874 4381 moneri
901 4327 1093 4397 moverique,
1125 4323 1205 4380 nihil
1229 4342 1283 4397 pu·

57 4397 131 4456 blice
148 4401 358 4476 privatimque
377 4401 469 4456 obiici
495 4399 681 4454 vindicarire
699 4399 799 4470 possit.
837 4399 1035 4455 Probabiliora
1054 4417 1080 4452 v.
1102 4399 1133 4454 in
1152 4407 1219 4453 nota
1239 4403 1262 4452 1.
