2770 4792
185 240 245 308 264
599 235 849 300 tunicum.
870 235 992 302 VITA.

184 409 329 479 scripticii,
349 406 435 460 initio
455 405 497 458 sic
517 400 706 457 emendmde:
725 403 972 473 Adseriptieii
991 407 1043 466 oet,
1062 407 1105 458 uti
1121 403 1249 474 6616666,
1267 401 1373 454 Adscri

183 484 283 552 ptioi
300 479 474 537 dicebantur,
492 481 541 548 qui
557 475 713 546 supplendis
732 478 884 548 legionibus
897 479 1127 531 adscribebantur.
1166 475 1222 528 lice
1240 481 1266 526 et
1281 475 1373 528 decen

186 570 241 607 sos
258 553 392 616 dicebant,
410 550 483 622 quod
497 549 536 602 ad
550 552 690 620 legionum
708 567 814 604 cerussae
832 559 918 604 meent
934 551 1075 618 adscripti.
1114 549 1232 616 Quidam
1251 545 1373 600 Velatos

204 625 260 678 uod
273 627 365 678 6661111
382 630 499 678 inermes
516 630 690 694 sequerentur
707 627 860 678 exercitum.
906 621 1043 678 Nonnulli
1059 621 1305 679 Ferentarios,
1327 635 1373 689 qun

179 644 282 768 lundis
308 698 495 767 lapidibusque
521 697 688 768 praeliaturi
713 713 745 748 ea
771 695 852 750 modo
871 693 1000 765 serrem,
1026 713 1097 767 quae
1123 697 1152 748 in
1171 693 1260 748 hostes
1276 697 1373 746 iacerent

186 773 248 825 Alii
264 771 459 829 Rorarioe,
477 767 550 838 quod
564 769 596 820 id
610 785 696 838 genus
714 766 874 829 bominum,
892 777 957 822 ante
974 787 1057 840 quam
1074 772 1146 822 acies
1164 771 1283 828 coirent,
1300 771 1327 818 in
1341 781 1373 816 mo

185 843 250 896 deon
270 847 396 896 rormstis
412 845 580 911 tempestatis
597 840 766 894 dimument.
802 843 864 896 lem
893 859 929 894 ex
955 841 1003 895 his
1029 841 1103 895 locis
1130 857 1221 909 quum
1247 837 1282 894 de
1298 842 1373 908 optior

185 919 306 969 militena
328 931 383 985 per
405 913 595 968 Centuriones
617 919 743 977 constet,
771 930 804 968 66
828 913 986 981 nimirum,
1013 931 1070 982 qua
1093 929 1129 966 ex
1154 911 1288 965 inferiori
1329 908 1373 962 nd

184 988 347 1058 adscriptici
363 1005 414 1041 seu
431 990 641 1057 supervacanei,
671 989 777 1039 secerni
795 993 825 1038 et
841 995 941 1057 postea
959 986 1066 1049 additi,
1092 993 1179 1054 quam
1202 929 1370 1104 161666116ἱι

186 1061 351 1130 completa,
376 1075 447 1128 quos
467 1075 546 1112 nuno
567 1047 964 1128 Supernumerarios'vocent,
996 1060 1047 1126 (ita
1065 1057 1203 1131 vegetius
1220 1058 1257 1122 2,
1277 1061 1316 1113 19.
1368 1069 1373 1102 t

182 1130 518 1203 giseeungemmenscbefl)
526 1130 564 1186 66
580 1130 751 1186 honoratius
770 1131 896 1185 militiae
916 1149 1007 1206 genus
1026 1131 1059 1183 in
1077 1129 1242 1206 legionibus
1262 1129 1373 1184 66116661

183 1211 248 1270 tur3
273 1205 326 1256 vix
343 1203 475 1271 dubium,
501 1203 574 1272 quin
597 1201 654 1258 hoc
680 1202 792 1257 dixerit
816 1203 947 1257 Tacitus:
984 1205 1054 1258 Non
1072 1202 1238 1272 patiebatur
1256 1197 1373 1278 Agricolt

182 1277 285 1330 inediis
301 1280 422 1346 privatis
442 1273 532 1343 (nach
549 1275 821 1338 Privatwiinschcn)
849 1277 898 1328 vel
916 1295 949 1330 ee
966 1277 1200 1330 commendatione
1218 1283 1269 1328 aest
1284 1273 1373 1344 preciiu

183 1349 379 1404 Cadurionum
406 1366 442 1402 ex
459 1347 596 1402 Accensis
621 1350 652 1401 in
678 1349 784 1402 milites
810 1347 987 1423 legionarios
1006 1352 1094 1404 asciri
1111 1367 1132 1402 s.
1154 1351 1255 1402 ascisci
1273 1355 1300 1401 et
1317 1343 1373 1396 robe

181 1421 210 1474 le
231 1422 334 1476 ionum
351 1420 497 1492 suppleri:
516 1420 615 1490 potius
633 1423 708 1474 iacta
726 1420 866 1490 cuiusque
884 1421 946 1492 ipse
971 1422 1135 1492 spectabat,
1161 1427 1191 1473 et
1212 1420 1373 1490 fidelissima

180 1439 344 1560 inlinebat,
364 1511 450 1562 quem
469 1496 604 1562 optimum
622 1492 812 1568 cognovisset.
850 1492 953 1548 Milites
976 1492 1166 1568 intelligendi
1189 1495 1260 1547 iusti
1277 1501 1306 1546 et
1321 1492 1373 1559 tegit

178 1571 273 1630 narii,
300 1581 425 1636 quorum
452 1575 587 1635 respectu
616 1566 777 1635 adscriptivi
798 1567 925 1620 Varroni
948 1566 1088 1620 dicuntur
1115 1571 1240 1621 inerrnes.
1285 1565 1373 1618 cautu

157 1638 271 1714 ¹igitur
287 1639 445 1708 prudentia
462 1636 631 1712 Agricolae,
659 1638 737 1708 quod
759 1639 940 1708 temporibus
961 1655 1043 1710 seqq.
1062 1638 1203 1692 accidisse
1231 1645 1329 1690 666661
1344 1634 1373 1692 Vt

179 1711 276 1784 getius
293 1715 330 1778 2,
349 1715 375 1768 3.
413 1709 564 1782 [effossum
581 1729 690 1766 nomen
716 1717 748 1766 in
766 1717 886 1766 66666116
903 1720 1045 1781 perneanet
1061 1711 1206 1782 hodieque,
1232 1712 1283 1766 sed
1295 1725 1340 1780 per
1355 1723 1373 1760 n

176 1786 348 1854 gligentiam
366 1789 538 1855 superiorum
557 1792 712 1854 temporum
729 1785 813 1838 robur
829 1783 984 1855 infractum
1009 1793 1067 1845 est,
1094 1801 1178 1856 quum
1195 1787 1308 1837 sinatis
1324 1795 1373 1858 pre

177 1859 238 1909 mia
255 1865 397 1927 oocuparet
414 1859 530 1911 ambitio
548 1865 575 1910 et
588 1875 642 1926 per
658 1860 784 1928 gratiam
798 1867 1024 1927 promoverentur
1040 1860 1162 1920 milites,
1187 1861 1238 1926 qui
1255 1865 1373 1926 promont

177 1939 343 1984 consuerant
357 1948 409 1998 per
425 1931 552 1984 laborem.
573 1929 631 1994 (cf.
652 1929 688 1982 ad
707 1945 768 1998 cap.
789 1931 834 1986 28.
855 1949 884 1984 n.
903 1933 944 1995 2.)
981 1932 1075 1986 Verba
1093 1929 1169 1984 nibil
1181 1949 1235 2000 per
1252 1932 1373 2002 liberine

176 2003 220 2052 rei
237 2001 273 2054 66
291 2001 477 2072 disciplinam
496 2000 693 2068 domesticam,
712 2021 769 2056 non
787 2003 890 2056 studiis
904 2007 1029 2073 priuatis
1047 2031 1083 2044 -
1097 2010 1196 2072 pedore
1215 2001 1253 2054 ad
1271 2019 1332 2054 rem
1349 2013 1373 2054 m

178 2071 310 2140 litarem,
335 2079 431 2128 omnio
458 2077 582 2128 scire-
596 2083 755 2142 peccassent
781 2075 819 2128 ad
846 2083 1002 2145 utramque
1026 2083 1177 2146 spectant,
1207 2081 1237 2126 61
1255 2071 1373 2144 epitheto

171 2144 265 2212 fidelis
284 2147 410 2199 maxime
430 2145 575 2200 militibus
595 2147 740 2201 convenit.
767 2165 795 2200 v.
816 2147 852 2201 ad
877 2165 901 2201 o.
919 2153 965 2204 33.
985 2167 1012 2200 n.
1033 2153 1059 2202 3.
1089 2147 1164 2200 Anu.
1185 2149 1236 2212 15,
1256 2151 1303 2202 67.
1322 2137 1373 2200 til

174 2219 229 2282 46,
247 2221 273 2272 3.
302 2217 366 2281 loir.
386 2220 438 2286 22,
458 2221 503 2273 60.
529 2220 624 2272 millia
634 2216 735 2286 fortia
753 2237 787 2272 ae
799 2219 914 2288 fidelia,
944 2224 1041 2287 6124,
1066 2221 1183 2286 47,12.
1212 2237 1299 2288 opera
1315 2229 1373 2292 eoru

168 2285 249 2358 sorti
266 2307 299 2341 ac
317 2291 414 2359 fideli,
438 2290 583 2343 Ammian.
603 2291 693 2343 Marc.
713 2293 763 2354 26,
783 2295 808 2346 5.
837 2301 1063 2364 propugnatores
1088 2297 1145 2346 mei
1165 2295 1256 2363 reiqm
1280 2290 1373 2362 palliet

168 2359 263 2430 sortes
282 2370 310 2414 et
320 2363 384 2431 fidi.
422 2362 465 2416 cf.
487 2363 578 2416 Grou.
600 2370 629 2418 61
648 2362 737 2416 Drak.
759 2363 794 2418 ad
812 2367 901 2419 verba
920 2366 998 2418 Livii
1015 2369 1071 2430 28,
1090 2369 1117 2420 9.
1143 2383 1197 2432 pro
1215 2364 1337 2433 republ.
1355 2373 1373 2438 et

175 2437 344 2488 ministrata
354 2435 478 2504 sortiter
488 2434 686 2506 feliciterque,
705 2436 906 2504 ostendentes,
935 2437 993 2492 boe
1012 2437 1119 2508 passim
1138 2435 1199 2490 dici
1218 2437 1255 2492 de
1277 2438 1373 2504 impert

175 2505 304 2574 toribus,
323 2515 357 2560 ut
367 2507 491 2578 fortiter
510 2516 538 2560 et
550 2509 676 2577 fideliter
693 2508 729 2562 de
748 2509 868 2584 legetis,
889 2511 1049 2576 militibus,
1078 2509 1179 2575 sociis,
1200 2517 1229 2562 61
1248 2528 1264 2562 6
1284 2509 1373 2646 scrip}

176 2577 254 2632 ribus
272 2579 354 2634 Rom.
374 2598 491 2652 semper
508 2580 628 2634 ducibus
639 2579 831 2649 felicitatem,
859 2583 1004 2637 militibus
1024 2583 1197 2652 fidelitatem
1224 2581 1326 2635 tribui.

175 2651 278 2704 iisdem
297 2660 396 2722 postea
418 2653 647 2724 imperatoribus
673 2655 736 2708 fere
760 2656 829 2710 solis
840 2653 987 2723 solicitas,
1014 2655 1135 2708 ducibus
1153 2647 1373 2784 militibusque{

175 2723 278 2778 delitus
298 2726 449 2801 assignata.
469 2727 512 2791 (v.
531 2726 568 2779 ad
587 2743 612 2780 c.
632 2731 659 2782 3.
680 2743 708 2780 n.
731 2729 771 2793 1.)
812 2728 890 2782 Hine
916 2729 1003 2782 toties
1028 2729 1061 2780 in
1080 2729 1230 2798 Inscriptt.
1251 2741 1373 2788 occurre

174 2795 257 2850 Fides
275 2795 402 2852 Militum
421 2806 450 2852 61
470 2799 563 2874 hegio
583 2797 776 2870 Primigenia,
795 2800 861 2861 Pia,
879 2801 999 2862 Fidelis,
1017 2801 1088 2854 adeo
1107 2817 1161 2870 per
1179 2801 1256 2886 sigla
1276 2801 1306 2854 P.
1328 2795 1373 2852 111

175 2869 532 3012 ttttttstitii?
546 2871 831 3012 liii.”{¹.²¹⁷lso¹‚¹'7.''
852 2873 1016 3016 isid
1017 2871 1134 3000 111.Ἓὲ
1148 2870 1373 3026 iiiiii„

175 3013 455 3078 sollertissimum,
483 3023 517 3066 ut
545 3031 590 3084 ap.
611 3013 682 3068 Sall.
703 3016 734 3068 in
760 3017 825 3093 lug.
855 3023 899 3078 98.
922 3027 951 3072 61
970 3020 1001 3072 16
1028 3019 1089 3074 061.
1110 3021 1163 3084 59,
1183 3024 1209 3076 3.
1231 3021 1289 3085 (1.)
1311 3017 1373 3096 ubi,

176 3083 312 3137 0611.-
336 3087 461 3154 precibus
487 3085 552 3140 Ber.
578 3084 669 3140 Rhen.
698 3093 723 3143 1.
754 3097 783 3142 61
809 3108 868 3146 rec.
896 3094 1052 3162 precipites
1076 3093 1140 3144 Put.
1160 3100 1220 3146 tres
1240 3091 1373 3150 6111161

174 3159 266 3209 ascire
284 3157 348 3211 666.
368 3166 426 3212 vet.
446 3166 513 3212 ants
531 3159 608 3227 Lips.
630 3167 663 3210 ut
681 3159 758 3214 Ann.
780 3167 811 3228 1,
830 3169 857 3220 3.
882 3165 917 3218 11.
937 3169 974 3229 1.,
991 3168 1036 3220 24.
1056 3167 1101 3219 80.
1121 3165 1152 3215 in
1172 3164 1311 3218 omnibus
1330 3155 1373 3226 1116

176 3234 205 3280 61
223 3245 267 3298 ap.
287 3229 369 3304 Virg.
389 3229 460 3284 Aen.
481 3235 532 3298 12,
550 3235 595 3287 38.
616 3231 680 3296 (ubi
699 3252 726 3286 v.
748 3234 847 3290 Heius.
868 3245 898 3291 61
916 3239 961 3292 Η6
984 3241 1033 3303 ue)
1052 3237 1083 3289 in
1103 3236 1285 3290 melioribus.
1324 3233 1373 3308 Asi

103 3323 107 3332 ›
175 3307 218 3352 est
238 3301 333 3355 forma
352 3303 433 3359 vocis
451 3303 566 3373 prisca,
591 3321 678 3372 quam
696 3315 776 3359 amat
794 3308 928 3376 Tacitus,
958 3257 1003 3378 661
1019 3309 1163 3380 prendere,
1193 3315 1288 3378 apisci
1306 3310 1373 3380 6161

174 3371 209 3424 ab
228 3390 261 3426 ea
288 3375 442 3430 recentior
460 3384 525 3430 orta
544 3380 669 3443 ascisco,
698 3386 732 3430 ut
749 3383 869 3435 6616666
892 3385 964 3444 ecio,
994 3386 1150 3452 praescisse
1169 3401 1185 3435 6
1203 3386 1352 3451 praescio,

172 3449 258 3499 scisco
283 3465 299 3500 a
324 3451 429 3512 rescios
457 3465 531 3518 quae
559 3465 659 3503 ornnes
685 3468 701 3504 a
727 3450 851 3507 Seiterto
880 3455 982 3509 Grem.
1003 3457 1057 3509 111.
1077 3473 1105 3526 p.
1127 3457 1189 3510 112.
1210 3475 1227 3509 6
1245 3461 1290 3508 cio
1310 3472 1367 3508 s.e

174 3526 278 3572 contra
302 3521 466 3596 analogiam
495 3529 678 3590 repetuntur.
707 3523 813 3579 adscire
837 3527 916 3597 Lips.
943 3529 1017 3582 Ero.
1043 3531 1080 3582 al.
1118 3531 1222 3582 nescire
1241 3530 1307 3581 Vnt.
1328 3531 1373 3594 31η

173 3595 262 3642 accire
281 3592 344 3646 edd.
365 3610 423 3648 rec.
462 3592 520 3648 Sed
538 3593 568 3646 h.
588 3595 608 3646 1.
628 3603 727 3665 aptum
747 3603 873 3652 ascires.
894 3605 1034 3661 asciscere,
1052 3619 1209 3668 assumere,
1228 3619 1290 3656 non
1311 3617 1373 3668 arcu

174 3661 324 3718 advocare.
343 3693 381 3706 -
394 3665 606 3735 fidelissimum:
625 3668 657 3720 in
676 3669 738 3722 Vat.
758 3675 839 3728 3429.
853 3673 1053 3742 fidissimum.”
1075 3702 1106 3714 -
1127 3679 1225 3729 omnia
1243 3681 1334 3734 seire,
1355 3677 1373 3734 n

173 3740 271 3788 omnia
288 3742 416 3808 exsequi,
435 3738 546 3792 iudicio
569 3740 723 3808 persequi,
751 3745 936 3812 examinare,
963 3747 1034 3817 quid
1053 3747 1229 3817 delinquens
1246 3756 1373 3808 merenti

174 3805 224 3859 sed
243 3809 385 3876 quaedam
404 3809 614 3864 dissimulando
633 3815 848 3881 transmittere3
868 3819 917 3873 vel
935 3821 1062 3889 punire,
1073 3821 1187 3874 ulcisci.
1225 3819 1311 3872 Illud
1327 3833 1373 3889 pri

174 3879 307 3934 ferebant
326 3880 440 3935 Scheff.
456 3891 484 3936 et
503 3883 621 3946 06661,
641 3885 699 3937 hoc
717 3887 795 3958 lnips.
815 3889 891 3943 Era.
907 3891 958 3944 Dr.
986 3890 1105 3948 Waleh.
1126 3895 1195 3948 coll.
1216 3894 1283 3946 Liv.
1305 3899 1345 3958 3,
1367 3895 1373 3964 i

173 3953 207 4015 5,
228 3956 272 4006 11.
292 3952 371 4006 Suet.
394 3955 426 4008 in
447 3955 524 4010 Caes.
545 3973 569 4008 c.
590 3959 634 4011 67.
660 3958 694 4010 in
713 3959 798 4032 Vesp.
828 3979 852 4014 6.
875 3967 917 4018 14.
937 3965 970 4018 io
989 3965 1050 4019 061.
1071 3981 1095 4018 6.
1117 3969 1160 4020 12.
1179 3972 1336 4036 -paruis

174 4028 246 4077 catis
271 4029 398 4088 veniam,
423 4032 536 4100 magnis
555 4035 733 4083 severitatem
751 4036 936 4098 commodare,
970 4045 1022 4100 „ut
1040 4054 1085 4106 ap.
1104 4037 1176 4091 Stat.
1196 4037 1286 4092 Theb.
1309 3981 1373 4108 lsi

174 4099 347 4150 commodare
370 4103 460 4153 alicui
483 4107 544 4156 iras
565 4109 594 4156 et
613 4103 697 4156 Ovid.
719 4105 782 4162 Am.
805 4113 835 4168 l,
854 4113 888 4172 8,
907 4113 951 4166 86.
990 4111 1146 4164 commodat
1174 4113 1268 4166 illusis
1287 4115 1373 4168 numi

172 4171 259 4222 surde
279 4171 387 4230 Venus,
407 4173 464 4225 nisi
483 4173 512 4226 h.
534 4175 553 4226 1.
577 4183 619 4227 est
637 4177 783 4250 Zeugma,
804 4182 890 4251 quale
910 4183 998 4236 etiam
1019 4183 1091 4236 Ern.
1111 4185 1142 4235 in
1160 4183 1259 4237 verbis
1278 4204 1345 4254 seq.
1368 4203 1373 4248 1

170 4259 260 4309 imita
279 4262 440 4313 11111Ρο450-
460 4253 521 4309 1111»
549 4247 597 4300 ³2⁴1
613 4251 722 4318 tatpt'ue
741 4270 768 4320 p.
789 4272 809 4304 6.
830 4273 903 4314 esse,
929 4255 979 4308 sed
1004 4257 1112 4310 frustra
1138 4257 1252 4310 statuit:
1282 4276 1373 4328 nain}

173 4313 235 4367 016.
255 4317 286 4368 in
306 4319 388 4370 Verr.
408 4321 546 4387 supplicio
564 4329 710 4374 contentus
729 4324 832 4378 dixits’
863 4327 968 4380 Wolcb.
987 4357 1024 4366 -
1052 4329 1157 4400 officiis
1175 4339 1203 4382 et
1221 4329 1373 4396 administt

173 4389 298 4445 tionibus
324 4387 362 4458 (v.
390 4389 425 4443 ed
452 4389 482 4444 Ο.
503 4395 528 4448 6.
561 4411 588 4445 u.
610 4397 650 4460 3.)
670 4401 767 4467 potius
794 4419 848 4454 non
875 4409 1033 4472 peccaturos
1058 4421 1224 4474 praeponere
1243 4401 1329 4459 MSS.
1353 4403 1373 4460 11
