2770 4792
1127 47 1142 98 l

441 193 582 258 carue
620 193 727 259 xnv.
1147 205 1208 270 ,99

37 363 124 416 tutioris
139 361 255 431 Europae
274 359 391 430 populis
409 357 466 414 hoc
485 358 690 431 accipiendum
709 367 814 429 putant
832 362 936 419 Jacobs
956 365 1081 420 etDoer.
1120 369 1206 424 dabat

37 453 99 488 renea
114 437 163 488 Par.

79 512 110 562 lt.
138 509 200 576 ipsis
216 507 330 576 Aestyis
348 509 380 558 in
398 507 477 558 nullo
491 523 543 559 usu
561 514 616 570 est,
637 506 707 572 sed,¹
729 507 777 560 vel
798 509 985 576 quarnobrem
1004 513 1069 564 rude
1089 515 1203 584 legitur,

36 579 115 649 ieiune
126 579 250 649 perfertur
267 599 283 632 a
300 578 511 632 mercatoribus
530 597 586 648 per
603 580 778 632 Pannoniam
798 580 833 632 ad
852 599 933 636 mare
951 584 1152 638 Hadriaticum
1174 596 1202 640 et

34 652 360 722 udepotissimumltomam,
385 667 443 720 quo
459 650 609 726 ingentem
625 669 741 720 quoque
761 653 874 722 copiam
894 656 992 708 attulit
1010 657 1106 726 Eques
1117 657 1200 712 Rern.

34 727 108 778 Nemus
123 733 244 798 regnante
263 724 294 776 in
314 724 378 776 illas
398 723 531 796 regiones
550 724 660 776 missus.
699 723 742 778 Cf.
763 733 831 778 nota
852 731 895 781 10.
925 728 998 780 Plin.
1019 731 1045 784 2.
1066 735 1093 786 3.
1114 749 1135 784 s.
1158 737 1199 786 11.

34 799 73 866 (qui
86 798 154 852 etiam
170 797 267 863 tradit,
296 795 417 865 Aestyos
443 799 561 850 succino
585 813 640 866 pro
661 795 743 872 ligno
762 796 798 849 ad
817 797 917 872 ignem
936 801 980 853 uti
1000 803 1200 872 proximisque

33 871 123 923 Teutonis
142 871 169 924 id
188 868 324 934 vendere)
351 868 442 921 Solio.
468 871 512 924 20.
558 868 681 938 Perscrri
705 869 844 922 dicuntur
870 889 980 926 merces
1006 893 1040 928 ex
1060 875 1094 928 iis
1115 875 1198 942 locis,

34 943 169 997 utimarime
185 943 358 1013 proveniunt
378 949 406 994 et
424 941 608 1008 venduntur,
636 949 667 994 ut
693 946 837 1012 exportari
860 952 890 996 et
915 948 1003 998 mitti.
1022 975 1058 987 -
1073 952 1200 1018 pretium

33 1019 128 1084 acipiunt
148 1024 333 1080 mercatores,
361 1017 497 1068 mirantes
523 1014 710 1085 cupiditatem
735 1016 910 1081 ementium,
941 1017 1062 1072 Gebaucr
1087 1038 1116 1090 p.
1137 1025 1199 1076 106.

34 1089 184 1157 lmoobestyi
200 1091 341 1158 accipiunt
355 1093 495 1156 pretium,
525 1093 681 1147 mirantes,
709 1105 789 1154 rein,
810 1096 841 1140 ut
860 1089 916 1159 ipsi
934 1099 1054 1160 putant,
1080 1100 1139 1146 tam
1157 1093 1200 1146 vi·

35 1159 103 1212 {aab
124 1161 179 1214 aliis
203 1161 275 1213 tanti
302 1160 367 1212 fleri
387 1167 524 1229 tantoque
545 1160 602 1214 emi
621 1161 736 1229 pretio,
755 1160 864 1214 Jacobs.
886 1165 915 1214 in
937 1165 997 1217 ullo
1016 1183 1069 1218 usu
1090 1165 1132 1218 ed.
1153 1184 1198 1236 pr.

32 1235 118 1308 Μῦες.
135 1263 165 1273 -
181 1233 313 1304 informe,
333 1250 390 1285 non
409 1235 585 1298 serenatum,
607 1234 815 1298 unlearbcitet5
844 1235 946 1288 Gunela
983 1236 1126 1306 profertur
1143 1237 1198 1292 MS.

34 1303 70 1356 t'at
83 1309 143 1362 esi.
161 1307 200 1360 ed.
220 1309 291 1360 Nor.
314 1314 342 1358 ct
362 1303 425 1358 cod.
447 1303 576 1358 Groslot.

75 1382 103 1434 lt
134 1381 236 1433 &cmm
260 1388 353 1432 tamen
378 1377 508 1430 arborum
534 1397 589 1432 esse
617 1383 763 1450 intelligas
792 1387 846 1434 cet.
872 1379 908 1433 ad
932 1397 1005 1450 quae
1032 1377 1200 1436 Ditbmarus

32 1445 74 1502 baec
86 1453 224 1506 annotavit:
244 1451 382 1519 „Tacitus
401 1451 535 1517 sequitur
554 1451 685 1506 Plinium
705 1457 754 1518 37,
775 1455 800 1506 2.
821 1457 847 1510 3.
868 1453 933 1521 qui,
953 1461 1104 1524 postquam
1125 1455 1201 1506 inal-

32 1529 55 1570 tu
67 1523 172 1578 fabulosas
189 1525 222 1580 de
242 1526 288 1578 ori
311 1525 359 1576 ine
387 1531 415 1576 et
434 1524 620 1595 generatione
649 1525 763 1578 succini
786 1523 943 1579 sententias
963 1527 1101 1580 Veterum
1121 1535 1200 1580 retu-

31 1591 87 1658 lerat,
102 1601 143 1664 (ct.
160 1598 191 1650 ad
210 1616 271 1668 cap.
291 1543 366 1652 11].
387 1601 425 1660 1.)
462 1595 610 1662 Nascitur,
630 1599 684 1663 ait,
704 1599 839 1666 defluerete
857 1599 977 1650 medulla
992 1603 1075 1668 pinei
1091 1604 1200 1670 generis

30 1667 135 1731 sibulus,
150 1679 178 1723 ut
193 1675 303 1743 gummi
322 1673 353 1723 in
370 1673 487 1734 cerasis,
507 1675 601 1734 resina
617 1674 720 1740 pincis.
757 1669 891 1740 Erumpit
918 1669 1042 1726 bumaria
1061 1671 1201 1726 abundan-

30 1742 65 1800 tu,
83 1743 191 1797 duratur
210 1749 307 1815 rigore
327 1745 371 1795 uel
393 1750 484 1812 tepore
512 1745 695 1797 auctumnali.
736 1743 824 1810 Quum
844 1749 1025 1798 intumescens
1043 1753 1136 1799 aestus
1155 1763 1202 1798 ra-

29 1818 99 1878 priter
114 1821 214 1879 insulis,
234 1824 306 1870 certe
326 1818 356 1868 in
376 1817 462 1868 litora
481 1819 648 1884 expellitur,
669 1820 712 1868 ita
732 1817 851 1869 volubile
860 1856 869 1880 ,
897 1825 930 1869 ut
941 1819 1060 1888 pendere
1075 1819 1202 1870 videatur

30 1892 205 1953 irritamina
227 1895 258 1944 in
275 1889 362 1942 uado:
390 1891 465 1960 quod
480 1889 590 1942 arboris
612 1907 723 1955 succum
742 1908 796 1943 esse
821 1893 913 1958 prisci
941 1893 1035 1945 nostri
1059 1891 1201 1952 credidere,

27 1959 254 2017 ete‘lsuccinurn
274 1965 454 2034 appellantes.
495 1961 594 2016 Pineae
619 1971 712 2015 autem
730 1963 840 2016 arboris
865 1983 934 2024 esse,
963 1965 1067 2017 indicio
1095 1971 1136 2018 est
1155 1967 1201 2034 pi-

28 2049 66 2084 teu
80 2037 103 2088 in
117 2042 210 2090 attritu
227 2038 296 2089 odor
319 2041 346 2086 et
370 2035 443 2106 quod
468 2053 610 2089 accensum
628 2037 724 2089 taedae
743 2036 823 2088 modo
842 2055 874 2088 ac
892 2038 987 2090 nidore
998 2037 1116 2108 flagret.
1155 2035 1202 2089 Li-

28 2107 100 2172 ttiltn
111 2115 192 2180 primo
210 2111 367 2173 destillare,
396 2118 562 2180 argumento
580 2119 647 2163 sunt
664 2109 796 2181 quaedam
815 2114 894 2163 inlus
914 2113 1142 2173 translucentia,
1169 2115 1201 2160 ut

25 2177 116 2240 ianime
130 2193 175 2236 aut
192 2185 291 2238 culices
311 2185 493 2252 lacertaeque,
521 2201 591 2255 quas
620 2183 773 2237 adhaesisse
792 2191 894 2236 musteo
914 2182 1020 2252 (novo,
1050 2182 1143 2235 adhuc
1164 2179 1200 2232 li-

28 2252 96 2317 quidm
125 2258 211 2322 Gesn.)
235 2275 293 2310 non
321 2263 363 2308 est
396 2256 508 2308 dulium
537 2265 562 2307 et
598 2259 718 2310 inclusas
749 2257 943 2309 indurescenti.
989 2255 1063 2308 Eam
1092 2262 1199 2320 autern,

27 2327 288 2405 quinrisrulgarem,
307 2327 478 2382 sententiam
498 2329 599 2381 falsam
621 2346 697 2396 esse,
718 2337 805 2397 atque
825 2330 974 2381 succinum
995 2329 1143 2382 subterra
1164 2345 1198 2378 ex

27 2396 155 2456 bituminosis
172 2413 199 2458 et
217 2403 322 2456 salinis
341 2400 464 2454 effluviis
484 2401 514 2452 in
533 2401 675 2454 corticosa
695 2409 722 2454 ct
742 2403 856 2476 lignosa
875 2401 997 2454 matrice
1016 2401 1111 2474 gigni,
1130 2399 1199 2454 Wi-

26 2471 96 2538 gudus
118 2483 141 2527 et
163 2477 358 2528 Hartmanuus
383 2475 429 2540 11,
459 2477 485 2528 4.
516 2481 553 2526 et.
582 2475 607 2528 5.
636 2474 758 2538 (laudati
785 2475 817 2526 in
836 2483 903 2528 nota
924 2475 981 2538 19.)
1001 2473 1197 2528 ostenderunt.

26 2541 75 2595 tuti
90 2563 188 2618 quoque
206 2547 365 2614 animalia,
389 2563 462 2616 quae
480 2551 682 2616 tempestatum
702 2555 787 2614 atque
806 2546 913 2599 hiemis
932 2547 1041 2598 iniuria
1061 2561 1201 2598 cavernas

26 2619 40 2662 4
60 2617 154 2674 latebras
176 2627 338 2691 quaerunt,
367 2619 398 2670 in
424 2618 543 2672 succino
569 2637 599 2672 se
625 2619 731 2672 vidisse
762 2621 909 2682 referunt,
936 2621 978 2684 (v.
1007 2617 1080 2670 Plin.
1101 2621 1154 2682 37,
1173 2621 1199 2672 3.

26 2685 107 2758 renat
123 2699 145 2761 4,
162 2699 204 2752 32.
225 2703 255 2749 et
274 2695 318 2750 59.
337 2695 372 2758 6,
392 2693 450 2756 15.)
470 2691 518 2744 sod
536 2691 669 2745 fraudem
689 2692 801 2744 subesse
821 2698 907 2759 atque
927 2698 989 2744 arte
1008 2689 1119 2742 succini
1140 2688 1202 2763 gle-

25 2757 105 2818 beista
121 2767 221 2836 inseri,
241 2773 343 2821 inonet
360 2765 510 2816 Hartman.
532 2765 552 2816 l.
571 2765 591 2816 1.
623 2765 684 2828 111,
704 2769 730 2820 3.
761 2771 789 2817 et
814 2767 840 2817 4.
879 2761 960 2815 Nihil
981 2769 1132 2833 praeterea
1154 2759 1202 2812 vel

27 2849 90 2898 butu
105 2841 204 2892 succini
224 2841 257 2893 in
277 2837 413 2892 litoribus
423 2837 588 2912 Norvegiae
608 2845 636 2890 et
656 2835 776 2890 Sueciae
796 2836 960 2902 invenitur;
981 2843 1062 2888 certo
1082 2833 1200 2900 indicio,

25 2923 58 2960 un
70 2927 96 2962 ex
111 2913 253 2967 arboribus
273 2911 349 2965 illud
367 2911 475 2964 nasci.''
512 2909 699 2963 Cassiodorus
718 2927 777 2962 var.
799 2910 881 2980 epist.
902 2909 934 2974 5,
953 2909 978 2964 2.
999 2905 1028 2961 h.
1049 2907 1069 2960 l.
1091 2907 1131 2959 ita
1151 2927 1201 2960 uu-

25 2981 123 3054 lJtelfii:
155 2989 213 3040 Hoc
240 2989 399 3044 succinum,
424 2985 541 3055 quodum
562 2985 689 3035 Cornelio
719 2983 848 3046 (Tacito)
866 2983 1019 3043 scribente,
1048 2983 1153 3051 legitur
1171 2983 1201 3031 in

24 3055 152 3113 weitai
178 3063 282 3114 insulis
305 3060 402 3112 manni
429 3075 460 3110 er
484 3057 593 3109 arboris
612 3073 688 3109 succo
707 3055 841 3122 defluens,
869 3055 951 3117 (unde
970 3063 996 3106 et
1013 3057 1203 3108 succinum

23 3127 98 3196 dieitur)
111 3137 247 3202 paulatim
265 3135 334 3187 selis
353 3131 452 3183 ardore
469 3131 627 3183 coalescens.
648 3127 826 3198 (calescensl)
854 3129 904 3181 Fit
922 3131 995 3181 enim
1015 3128 1133 3180 sudatile
1151 3141 1204 3176 me-

25 3205 99 3264 tallan,
115 3208 264 3260 teneritudo
282 3209 427 3275 perspicua
433 3239 441 3264 ,
460 3205 540 3257 modo
558 3221 649 3254 croceo
667 3205 755 3255 colore
774 3202 885 3260 rubens,
905 3203 984 3253 modo
995 3201 1130 3268 flammea
1149 3199 1204 3250 cla·
1251 3253 1253 3258 ,

23 3277 75 3329 a'ua
86 3284 273 3352 pinguescens,
301 3287 351 3340 ut,
368 3296 452 3350 quum
471 3283 501 3330 in
520 3279 609 3329 muris
620 3275 716 3344 suerit
733 3275 844 3344 delapsa
863 3275 1001 3342 confinio,
1021 3281 1100 3326 aestu
1118 3273 1204 3354 alter-

24 3360 75 3402 nate
93 3363 209 3425 purgata
233 3355 401 3423 Aestpcrum
422 3351 554 3405 litoribus
580 3349 713 3401 tradatur
739 3351 872 3418 exposita.
911 3346 1204 3410 Succinorum,qu1·

26 3417 52 3472 bn
64 3425 153 3479 insecta
171 3428 287 3495 aliaque
300 3426 436 3478 animalia
448 3425 637 3490 interlucent,
656 3422 757 3496 ingens
772 3421 856 3490 copia
875 3418 1040 3473 ostenditur
1059 3417 1090 3468 in
1109 3415 1204 3470 oanni-

24 3492 51 3546 tn
69 3517 147 3568 paene
169 3499 291 3565 Museis,
328 3499 405 3568 inpr.
432 3497 575 3561 Dresdae,
603 3511 728 3564 quorum
747 3492 920 3562 exquisitior
939 3509 1006 3561 pars
1025 3489 1102 3559 lips.
1124 3489 1203 3542 1742.

24 3567 69 3621 *1111
88 3580 136 3626 est:
163 3589 238 3642 quae
265 3572 379 3623 utinam
405 3569 615 3644 elegantiorem
631 3576 672 3622 et
704 3567 888 3621 disertiorem
909 3565 1101 3633 interpretem
1122 3566 1204 3644 nacta

22 3635 99 3709 bium
120 3647 184 3700 Era.
204 3673 243 3686 -
269 3647 432 3714 implicata:
461 3641 503 3696 ed.
525 3643 618 3712 Long.
646 3649 673 3694 et
691 3640 728 3693 al.
755 3640 905 3709 implicita.
925 3665 961 3676 -
987 3635 1156 3696 cluduntur,-
1175 3649 1205 3683 m

23 3711 55 3766 15.
68 3717 124 3773 Tur.
142 3721 320 3773 clauduntur.
357 3717 401 3772 ct.
421 3716 457 3770 ad
477 3732 538 3785 cap.
554 3717 599 3770 34.
613 3731 641 3766 n.
654 3719 678 3768 1.
716 3715 783 3766 Mox
799 3729 864 3783 crgo
878 3710 922 3764 ed.
936 3711 1006 3762 Nor.
1027 3723 1083 3778 pro
1104 3709 1204 3778 igitur.

66 3793 100 3846 rs
131 3797 203 3848 sicut
226 3793 354 3845 Orientis
372 3793 498 3849 secretis,
517 3787 636 3841 remotis
655 3793 684 3840 et
703 3785 863 3860 incognitis
882 3783 964 3836 locis.
1004 3782 1047 3834 Gi.
1068 3780 1104 3834 ad
1123 3797 1147 3831 c.
1162 3781 1204 3834 19.

22 3863 67 3914 n3,
83 3865 114 3918 ad
129 3886 188 3938 cap.
208 3869 264 3932 41,
287 3869 313 3919 1.
333 3863 368 3918 ad
386 3865 421 3917 11.
443 3868 477 3930 1,
506 3866 559 3925 10,
587 3862 613 3915 2.
640 3864 677 3928 3,
700 3861 754 3923 63,
780 3863 806 3915 3.
844 3857 959 3910 Socratis
981 3856 1107 3908 Orientis
1136 3852 1207 3904 bene

24 3944 169 4008 mareque
187 3940 319 4006 dictum,
340 3931 407 4006 quia
426 3936 505 3988 inter
521 3941 625 3988 secreta
642 3930 821 3985 habebantur
841 3929 1069 3998 colebanturque
1088 3933 1154 3978 tura
1174 3940 1207 3975 ac

25 3996 119 4078 labam
136 4013 215 4066 Broc.
255 4011 354 4066 intell.
374 4011 439 4064 loca
458 4008 631 4072 secretiora,
651 4021 725 4075 quae
743 4003 793 4057 ubi
812 4003 879 4068 sint,
898 4011 1076 4056 mercatores
1094 3997 1207 4059 celant3

24 4071 91 4154 ,19111-
108 4114 140 4128 -
157 4089 206 4140 ubi
225 4093 305 4148 tura,
325 4082 543 4138 Homeritarum
563 4087 592 4134 et
610 4079 801 4144 Sabaeorum,
828 4077 859 4128 in
887 4075 1008 4139 Arabia,
1037 4074 1210 4139 balsamaque

25 4153 135 4212 ltledaea
157 4169 186 4214 et
214 4157 329 4214 Arabia.
362 4175 387 4211 v.
410 4155 445 4208 ad
463 4155 498 4207 11.
518 4157 549 4222 5,
569 4157 595 4208 6.
615 4169 643 4204 n.
662 4153 688 4208 2.
707 4179 744 4191 -
768 4149 922 4210 sudantur,
949 4155 982 4199 ut
1000 4147 1117 4204 audant,
1136 4159 1211 4227 ersu-

22 4219 78 4286 1’4.
110 4234 169 4287 scit.
200 4240 250 4286 tas
278 4233 363 4299 (turis
391 4231 522 4284 lacrimae
553 4225 634 4280 evid.
664 4226 728 4277 Met.
756 4224 805 4288 15,
825 4223 903 4283 394.)
927 4239 962 4274 ex
980 4220 1072 4272 inciso
1091 4218 1210 4276 frutice,

24 4298 128 4372 smssipero
145 4306 310 4362 Phoenices
329 4325 350 4358 s.
370 4303 493 4356 turifera
513 4299 597 4353 liinn.
618 4298 691 4351 Plin.
712 4293 830 4364 12,14.)
849 4296 1014 4352 balsamum,
1035 4293 1104 4357 (non
1123 4289 1212 4340 balsa-

26 4373 72 4442 mi)
85 4378 174 4434 albam
193 4379 439 4452 pellucidumque
458 4373 555 4428 olemn
575 4381 603 4426 et
622 4369 748 4447 guium,
777 4387 792 4423 e
812 4368 900 4423 ramis
919 4366 1017 4418 incisis
1036 4362 1165 4416 modicae
1186 4367 1214 4412 et
