2756 4792
348 211 349 214 ¹
416 180 559 270 carui
579 203 754 299 xxxva,
800 292 802 306 .
1139 216 1203 281 309

42 381 97 425 tosa
109 381 237 426 mammos
256 372 416 442 agminibus
434 373 506 424 Mur.
528 380 557 426 st
576 373 665 426 Gran.
694 375 785 430 elensis
803 384 822 428 t.
842 377 994 432 colonium
1012 397 1037 432 a.
1064 381 1134 434 Em.
1161 399 1198 436 na

41 443 202 500 tennitas
219 445 441 516 appellentura
459 446 569 498 Tacito.
590 475 626 488 --
658 451 822 520 minimeque
837 452 968 518 pedestris
988 450 1066 524 l’ich.
1096 471 1134 507 m.
1154 473 1198 509 oe·

40 521 96 585 quali
109 518 156 587 sip.
180 537 211 570 m.
231 517 361 588 iquestris
381 519 426 583 (ea
444 523 516 572 enim
531 519 641 589 pugna)
653 518 745 588 socies
764 531 823 575 erot
842 521 930 578 Doed.
961 542 996 577 m.
1017 531 1146 596 equestris
1164 547 1197 580 ea

39 590 194 661 impugnas.
214 609 234 644 e.
254 591 341 644 Beck.
369 609 404 643 m.
425 597 604 662 equestria-ea
621 601 681 644 tum
698 593 848 664 pugnaef.
868 617 889 650 e.
917 597 979 667 Bip.
1008 597 1083 672 Eng.
1103 597 1193 653 Seeb.

15 684 18 700 .
37 689 57 700 -
68 681 125 732 quun
139 682 206 735 aegre
223 663 270 716 diu
288 671 392 718 stantes
410 663 488 716 Brot.¹
510 664 574 734 Bip.
595 665 666 718 Era.
687 663 735 720 Ob.
755 667 806 721 Dr.
826 668 864 720 al.
884 687 967 740 quum
985 689 1067 742 aegre
1084 671 1131 724 diu
1149 673 1196 724 ad-

37 743 100 788 stantes
114 736 175 790 Seeb.
198 751 279 808 quum
296 755 378 806 aegre
396 745 445 788 aut
463 737 510 788 diu
528 744 633 791 stantes
653 737 743 791 Doed.
772 758 856 810 quum
874 761 955 813 aegre
973 743 1038 795 dum
1056 744 1196 798 adstantes

34 807 86 859 tect.
101 827 165 878 quun
180 829 256 881 aegre
274 809 435 863 dimicantes
453 809 544 862 Boett.
565 815 676 864 minime
694 830 732 882 eq·
753 831 784 866 sa
803 819 913 867 interim
929 833 959 884 p.
972 813 1000 884 s.
1021 825 1095 878 erut,
1113 835 1196 887 quum

35 884 260 950 ocgreclieostantes
285 881 372 936 Trill.
402 881 808 954 obss.cris.t,19.p.ttt.
846 885 877 939 Si
895 887 993 942 locum
1013 889 1094 941 class.
1115 887 1194 942 Cass.

37 950 178 1012 itta-3.
204 955 379 1020 contuleris,
411 961 439 1008 et
460 956 641 1024 respexeris,
670 972 746 1024 quae
762 975 823 1027 cap.
844 961 889 1014 35.
909 959 944 1014 de
963 960 1024 1013 acie
1043 961 1196 1015 Britanno·

34 1027 236 1094 conticiscunt,
269 1026 368 1080 Taciti
395 1027 482 1080 verba
506 1027 547 1079 sio
576 1028 768 1103 intelligenda
794 1039 823 1084 et
848 1031 1024 1085 emendanda
1042 1032 1196 1086 videntur:

35 1095 91 1164 lp'tn
104 1109 127 1152 ut
141 1101 229 1154 Bataui
246 1105 358 1153 miscere
377 1105 447 1152 ictus
465 1129 500 1138 -
520 1108 546 1152 et
563 1106 661 1154 stratis
681 1102 828 1170 equitibus
848 1105 1062 1174 covinariisque
1080 1105 1196 1158 Britan-

34 1183 110 1234 ooran,
127 1165 180 1244 xqui
200 1179 228 1228 in
255 1191 359 1243 aequo,
390 1171 488 1226 medio
517 1189 636 1242 campo,
674 1173 710 1225 iis
736 1175 913 1238 obstiterant,
948 1183 1051 1248 erigere
1069 1183 1098 1232 in
1117 1181 1197 1231 colles

32 1247 83 1294 sien
96 1263 197 1314 coepere,
215 1255 318 1299 ceterae
337 1243 457 1298 cobortes
476 1244 622 1297 sociorum
642 1245 723 1298 Rom.
744 1254 908 1304 commixtae
925 1250 1039 1303 Batavis
1055 1257 1197 1318 prosimos

32 1331 105 1385 uosque
119 1320 233 1386 equitum
258 1319 532 1386 covinariorumque
557 1317 628 1370 Brit.
657 1319 763 1374 caedere
789 1329 843 1375 cet.
890 1322 950 1390 Quo
974 1324 1050 1376 facto
1076 1329 1198 1394 equitum

29 1385 99 1440 britan
114 1399 207 1444 tannae
218 1391 336 1461 sugere,
355 1395 490 1444 cecinerit
507 1397 603 1440 autem
619 1391 745 1458 peditum
765 1393 847 1446 Rosn.
868 1403 897 1448 et
916 1395 1026 1447 Britan.
1046 1413 1074 1448 se
1089 1398 1198 1464 proelio

29 1465 174 1530 mamper
189 1463 300 1515 acclive
320 1465 430 1536 iugum.
470 1459 510 1510 Hi
537 1477 695 1531 quanquam
724 1471 854 1516 recentem
883 1464 923 1515 ita
949 1471 1081 1516 terrorem
1100 1468 1199 1519 intule-

27 1525 249 1598 consociationis,
268 1531 359 1588 densis
377 1542 471 1589 tamen
489 1529 609 1584 bostium
628 1549 756 1600 suorum,
776 1535 982 1602 Romanorum,
1002 1533 1059 1588 nisi
1079 1537 1136 1612 leg.
1156 1556 1199 1590 co-

26 1598 104 1654 lonium
124 1608 272 1676 agminibus
297 1609 378 1670 (nam
403 1599 521 1661 'ceterae
549 1602 683 1658 cohortes
713 1608 859 1660 sociorum
887 1607 967 1660 Rom.
999 1609 1056 1660 iam
1084 1608 1198 1664 Batavis

27 1681 79 1723 erant
97 1677 267 1746 commixtae)
295 1687 321 1734 et
343 1677 532 1748 inaequalibus
557 1679 642 1730 locis.
677 1694 731 1746 per
755 1679 867 1733 acclive
893 1681 1012 1754 iugum,
1044 1679 1198 1743 haerebant,

25 1750 139 1819 rentaeque
153 1757 283 1822 equestris
303 1771 334 1804 ea
352 1767 425 1804 nunc
442 1750 486 1814 (in
507 1749 567 1801 Put.
590 1754 614 1801 1.
635 1753 659 1804 2.
689 1769 715 1802 n.
736 1767 794 1818 quo
814 1759 842 1804 et
859 1769 930 1805 nunc
949 1757 1067 1824 etenim
1085 1753 1197 1828 sig-nili-

23 1823 83 1884 cetur)
94 1843 191 1894 pugnae
200 1823 295 1892 sace'es
315 1831 389 1882 erat,
420 1839 502 1893 quum
530 1841 611 1892 aegre
638 1823 708 1875 cliro
733 1831 836 1878 stantes
862 1825 910 1878 vel
935 1829 1068 1879 instantes
1086 1827 1133 1890 (ut
1147 1847 1199 1898 per

23 1892 86 1944 urtice
100 1901 182 1968 iugum
201 1913 225 1949 c.
246 1898 292 1952 35.
321 1903 350 1950 in
369 1897 468 1949 declivi
485 1895 542 1946 Ioco
562 1902 587 1948 et
606 1900 635 1948 in
654 1900 720 1966 iugo
738 1901 865 1950 insistere
883 1913 926 1967 sp.
948 1896 1025 1950 Caes.
1046 1898 1067 1950 l.
1082 1899 1102 1950 l.
1123 1904 1199 1972 iugis

20 1965 87 2019 &time
105 1987 143 2039 ap.
169 1969 224 2020 Vir
246 2009 253 2020 .
283 1969 352 2022 Aen.
373 1973 423 2036 11,
443 1964 518 2033 529.)
552 1970 639 2020 simul
661 1987 790 2040 equorum
818 1969 974 2040 corporibus
996 1973 1200 2039 impellerentur

22 2038 120 2092 amasii
136 2049 188 2095 cet.
224 1987 272 2094 ita
290 2057 405 2111 quoque
425 2039 572 2111 aptissima
592 2041 678 2092 verba
698 2051 829 2096 recentem
847 2051 979 2096 terrorem
998 2046 1152 2100 intulerant
1169 2053 1199 2098 st

20 2105 75 2163 bons
86 2112 190 2168 baina
207 2115 385 2186 agminibus,
422 2113 475 2167 etsi
498 2119 651 2181 porrectior
668 2119 740 2170 acies
759 2115 840 2170 Rosn.
861 2132 924 2186 cap.
945 2117 991 2172 35.
1017 2117 1095 2185 quod
1119 2135 1199 2174 soru-

19 2180 83 2244 1t=lm
98 2188 189 2242 iniecit
206 2185 359 2243 Walchio.

390 2387 413 2441 G
433 2387 457 2443 Α
476 2389 496 2442 P
515 2390 541 2443 U
560 2388 585 2442 Τ
632 2388 768 2442 xxxv11.

65 2509 95 2573 bt
112 2513 287 2598 Britanni,
310 2520 368 2600 qui
390 2515 499 2580 adhuc
519 2537 650 2601 pugnae
671 2525 822 2600 expertes
844 2537 972 2582 summa
989 2519 1126 2582 'collium
1147 2507 1209 2582 iuss

14 2589 119 2659 eierat
147 2611 179 2662 et
206 2603 412 2686 paucitatem
442 2609 636 2662 nostrmum
671 2604 769 2664 vacui
800 2603 1018 2682 spernebant,
1059 2600 1197 2688 degredi

12 2677 122 2754 Fdedn
142 2694 176 2747 st
196 2687 382 2747 circumire
404 2693 497 2770 terga
517 2685 722 2746 vincentium
750 2691 945 2764 coeperant,
975 2687 1010 2744 ni
1030 2682 1066 2744 id
1086 2685 1197 2766 ipsum

12 2763 96 2824 teritos
113 2767 272 2853 Agricola
294 2776 438 2851 quatuor
460 2769 608 2850 equitum
631 2769 717 2845 alas,
750 2765 792 2827 ad
813 2767 922 2829 subita
943 2768 1019 2830 belli
1041 2775 1197 2845 retentas,

12 2847 169 2936 mentibus
192 2854 426 2936 opposuisset,
459 2859 649 2933 quantoque
672 2853 816 2912 ferocius
838 2859 1087 2926 accurrerant,
1105 2859 1196 2912 tanto

12 2928 79 3018 §rius
102 2937 212 3015 pulsos
245 2940 287 2997 in
316 2938 428 3023 lugam
455 2933 648 2996 disiecisset.
692 2934 742 2994 lta
763 2935 936 2995 consilium
957 2933 1196 3000 Britannorum

13 3015 115 3092 eipsos
142 3037 302 3086 versums
331 3027 605 3099 transvectaeque
634 3025 811 3100 praecepto
839 3014 933 3079 ducis
962 3021 1111 3080 afronte
1133 3037 1195 3100 pu-

12 3099 128 3233 fflotium
149 3105 222 3165 alae
246 3122 401 3164 aversam
423 3101 568 3162 hostium
594 3104 699 3162 aciem
719 3099 881 3162 invasere.
925 3099 1014 3162 Tum
1034 3120 1116 3164 vero
1138 3121 1196 3184 pa·

39 3180 105 3244 tibus
130 3186 212 3248 locis
241 3183 372 3273 grande
403 3193 437 3246 et
466 3193 562 3246 atrox
590 3185 832 3265 spectaculum:
861 3186 979 3268 sequi,
1004 3185 1194 3262 vulnerare,

12 3268 82 3340 mere
103 3277 202 3352 atque
233 3267 389 3346 eosdem,
431 3269 549 3330 oblatis
577 3268 669 3346 aliis,
709 3264 890 3328 trucidare.
944 3265 1014 3328 lam
1036 3267 1193 3344 hostium,

12 3343 68 3420 litt
93 3357 211 3435 cuique
245 3355 422 3438 ingenium
455 3359 546 3430 erat,
579 3359 732 3412 catervae
753 3357 959 3411 armatorum
980 3349 1194 3433 paucioribus
1253 3350 1258 3365 '

13 3427 60 3512 ige
83 3445 276 3518 praestare,
311 3433 448 3518 quidam
482 3436 626 3496 inemec
663 3435 752 3495 ultro
781 3451 881 3494 ruere
909 3451 947 3493 ac
968 3453 1004 3495 se
1024 3434 1125 3492 morti
1145 3433 1215 3492 oi«

12 3501 65 3575 ine,
106 3519 236 3582 Passim
270 3539 364 3580 amna
394 3527 428 3578 et
456 3535 598 3600 corpora
627 3525 660 3578 et
680 3517 781 3578 laceri
803 3523 896 3578 artus
919 3523 953 3577 et
972 3520 1111 3576 cruenta
1132 3515 1194 3576 hu-

12 3586 53 3680 ba.
85 3601 136 3664 Est
156 3601 346 3687 aliquando
370 3605 467 3680 etiam
488 3601 587 3663 victis
608 3601 661 3660 ira
680 3601 865 3681 virtusque.
909 3597 1087 3682 Postquam
1102 3597 1194 3660 silvis

12 3685 294 3832 Eppinqunmnt,
316 3685 445 3746 collecti
466 3686 597 3766 primos
615 3684 841 3766 sequentium,
873 3683 1024 3744 incautos
1053 3689 1087 3743 et
1107 3683 1194 3743 loco·
1277 3742 1283 3754 ,

62 3767 200 3852 ignaros,
227 3763 552 3832 circumveniebant
598 3763 696 3846 Quod
717 3765 752 3828 ni
775 3769 931 3847 frequens
951 3765 1075 3848 ubique
1097 3765 1194 3851 Agri-
1336 3765 1340 3772 '

56 3853 167 3916 relidas
190 3865 228 3918 et
252 3849 427 3935 expeditas
449 3851 601 3912 oohortes
623 3848 786 3933 indaginis
809 3845 906 3910 modo
929 3857 983 3928 et,
1012 3849 1119 3924 sicubi
1140 3867 1194 3908 ar-

83 3947 193 4014 srant,
230 3945 370 4020 partem
399 3937 567 4017 equitum,
598 3930 742 3996 dimissis
773 3933 885 4013 equis,
920 3933 1018 3994 simul
1046 3933 1193 3992 rariores
1232 3937 1238 3950 ‘

12 3996 60 4076 bes
76 4024 221 4104 equitem
245 4018 441 4104 persultare
462 4018 629 4094 iussisset,
647 4023 821 4098 acceptum
838 4013 973 4097 aliquod
989 4016 1111 4077 uulnus
1133 4031 1193 4094 per

12 4075 92 4162 iim
108 4103 279 4168 fiduciam
302 4105 399 4164 toret
435 4097 591 4162 Ceterum
608 4100 666 4161 ubi
684 4100 881 4180 compositos
898 4100 1005 4159 firmis
1018 4095 1192 4158 ordinibus

12 4185 59 4264 ΗΙῘ
75 4207 188 4254 mrsus
211 4185 359 4264 videre,
391 4187 427 4246 in
444 4187 557 4271 fugam
579 4183 689 4260 versi,
712 4201 778 4242 non
799 4182 1009 4267 agminibus,
1027 4187 1065 4242 ut
1085 4179 1196 4261 prius,

12 4267 115 4334 auius
125 4278 236 4337 alium
249 4274 494 4352 respectantes,
516 4267 588 4328 rari
601 4277 635 4329 et
652 4261 828 4328 vitabundi
850 4261 994 4327 invicem
1015 4263 1197 4349 longinque

13 4347 65 4428 'itt
84 4361 152 4422 nia
186 4358 341 4444 petiere.
385 4351 474 4413 Finis
496 4347 656 4432 sequendi
675 4369 740 4412 nox
762 4357 795 4410 et
825 4348 956 4410 satietas
977 4347 1049 4406 luit.
1094 4343 1196 4408 Caesa
