2770 4792
422 189 565 258 CAPUT
586 194 646 258 Vl.
671 195 744 261 vlt.
1128 210 1189 272 227

24 359 85 424 ¹‚Qun
99 357 274 430 praecedunt,
294 358 419 414 maxime
445 375 518 429 quae
537 375 670 429 expressa
689 369 755 414 sunt
774 361 870 416 verbis
887 381 995 435 gnarus
1013 369 1063 421 sub
1079 368 1186 426 Nerone

21 440 132 500 rmpamm,
146 432 238 504 quibus
257 433 363 486 inertia
379 449 431 502 pro
449 436 592 502 sapientia
602 431 681 500 suit,
699 435 768 488 satis
787 434 995 504 demonstrant,
1015 440 1184 526 Agricolam

20 501 46 554 bis
59 505 147 571 quidem
162 502 339 575 temporibus
358 519 416 558 nou
434 521 464 557 m
524 520 611 574 opere
629 505 770 576 appetisse
788 505 924 563 honores.
960 509 1064 565 Noluit
1082 515 1183 590 igitur,

20 577 140 642 paeana
155 593 242 646 quum
261 578 428 648 tongrensi
445 595 465 630 o
531 581 611 639 urio,
635 595 690 650 per
706 579 798 642 laedon
828 579 948 652 inques
967 591 1030 636 turn
1047 587 1184 658 plerique

18 649 125 730 mainan
139 648 336 719 impendebant
352 650 522 720 pecuniam,
543 650 593 719 qui
610 659 778 720 praeturam
796 651 985 722 aduentant,
1004 657 1099 726 plebis
1116 675 1184 734 gra·

17 729 60 772 unu
73 729 180 792 captare,
203 722 254 778 sed
278 722 309 776 in
333 723 372 776 iis
396 721 515 778 edendis
532 723 748 778 moderationem
764 723 956 781 adhibendam
976 745 1036 782 esse
1050 731 1183 795 ¹censuite

17 795 134 863 nqueipsa
148 795 257 850 bueria
274 799 374 850 inarato
398 795 511 866 sprevit
537 803 566 848 et
590 795 780 851 abundantiae
805 797 898 860 aaut,
924 799 988 854 ie.
1009 819 1185 872 supervacua

17 868 170 934 sepum,
182 867 297 937 smne,
320 866 349 921 la
369 885 394 922 e.
414 883 501 923 verae
525 867 690 938 solidaeque
713 869 824 944 gloriae
843 872 900 924 iam
925 877 1060 942 propior,
1087 893 1183 946 quam,

18 937 89 1006 uipse
107 939 211 994 Tacitm
233 949 408 1016 auguraturr,
432 939 462 993 h.
482 940 503 994 l.
522 941 720 1012 praecipiens,
745 959 818 1014 quae
843 952 959 1014 postero
984 947 1081 1000 statim
1109 963 1184 1002 anno

15 1019 134 1077 unsrun,
150 1013 180 1066 iu
196 1013 346 1067 Britannia
365 1013 419 1066 sibi
435 1015 561 1084 peperit.
601 1015 643 1068 lta
663 1015 759 1070 omnia
778 1017 887 1085 optime
906 1015 1063 1072 cohaerent
1080 1027 1110 1073 st
1127 1021 1185 1074 sin·

16 1082 111 1164 plasibi
127 1087 305 1156 respondent.
346 1087 441 1140 Nemo
469 1085 542 1140 dixit
568 1087 648 1140 lardus
663 1088 760 1140 duan
780 1103 835 1157 pro
855 1090 927 1143 ludio
941 1108 1081 1160 pmeoae,
1101 1095 1185 1157 (num

16 1153 80 1208 dieu
93 1159 210 1226 praefuit
227 1159 396 1234 Agricolai)
415 1169 445 1213 et
463 1161 541 1213 hodor
557 1161 648 1213 mdio
665 1165 788 1214 rationis
806 1161 887 1214 dieu
903 1178 957 1232 pro
975 1165 1129 1232 arbitratus
1144 1173 1186 1219 ott

14 1226 52 1278 eil
65 1227 180 1285 handu
197 1249 272 1298 essee
299 1231 408 1302 optime
426 1247 498 1285 vero
517 1231 626 1286 dicitur
643 1233 738 1286 ducere
755 1233 775 1286 i.
796 1251 820 1288 e.
838 1232 965 1301 babere,
993 1237 1114 1292 medere
1132 1239 1186 1292 oti-

14 1299 56 1366 tu'd
65 1303 245 1360 monn
263 1312 289 1357 et
306 1303 504 1368 abundantiae.
541 1304 590 1359 Sic
608 1308 689 1360 iilum
707 1306 873 1360 obsidionem
885 1307 1006 1379 fiagitii
1022 1317 1101 1366 rarae
1119 1311 1139 1363 i.
1159 1327 1184 1364 e.

14 1369 136 1445 ltp'tiosam
151 1377 265 1444 Annii,
283 1381 327 1434 2⁰.
364 1379 452 1430 eodm
465 1379 522 1430 loto
541 1382 654 1432 conoib't
669 1397 753 1450 quum
764 1379 934 1450 somidinis
953 1381 1131 1436 arbitrantur
1149 1381 1215 1466 G..

14 1445 87 1514 ipe
101 1457 145 1502 aar
159 1453 246 1506 rutilio
269 1459 319 1503 otti
344 1451 547 1504 bmnokntioe
566 1452 707 1506 credebant
731 1451 802 1506 Sall.
821 1453 884 1527 lug.
905 1457 967 1508 1⁰3.
987 1453 1037 1506 ubi
1055 1473 1083 1508 r.
1105 1455 1184 1509 Cort.

14 1515 144 1576 Μαικία
159 1539 219 1577 nou
237 1523 332 1577 solum
350 1521 387 1577 de
405 1523 507 1596 opibus
525 1524 635 1580 abraude
654 1519 889 1596 suppetentibus,
914 1524 964 1578 sed
990 1525 1077 1579 etiam
1096 1527 1132 1580 de
1149 1527 1186 1580 iis

14 1603 133 1670 [mima
149 1613 224 1666 quae
241 1595 334 1648 nimia
352 1604 382 1649 et
400 1613 489 1650 vacua
508 1605 590 1663 sunt,
609 1603 643 1650 ut
656 1600 788 1667 pestilens
806 1597 981 1651 mundantia
998 1615 1046 1668 ap.
1065 1598 1130 1653 Seu.
1150 1599 1186 1652 de

14 1677 37 1710 tn
50 1669 72 1728 l,
87 1671 133 1733 to,
149 1671 192 1724 23.
231 1667 364 1722 Genitivi
390 1669 590 1723 moderationis
616 1677 645 1724 et
669 1671 854 1723 abundantiae
877 1670 966 1722 verbo
984 1671 1076 1723 datan
1095 1671 1186 1725 iuneti

14 1747 46 1784 nu
58 1747 110 1790 sunt
125 1741 240 1812 qtridem
261 1740 389 1796 eiusdm
408 1741 542 1817 generi„
571 1741 620 1796 sed
646 1741 725 1795 huuc
744 1741 859 1796 noenu
877 1741 994 1795 modurn
1013 1743 1124 1813 saepius
1142 1759 1187 1796 se·

14 1815 61 1860 ntus
81 1821 116 1865 est
138 1813 283 1868 Tacitus.”
320 1811 361 1866 Ar
402 1823 431 1867 ta
454 1813 527 1868 haec
556 1815 652 1886 potius
676 1831 762 1886 quam
790 1832 859 1868 vera
878 1831 937 1868 esse
960 1814 1105 1868 videntur.
1143 1818 1187 1867 uti

14 1879 60 1949 luge
73 1905 88 1935 a
103 1889 209 1940 muna
227 1903 267 1941 sc.
286 1883 329 1940 cis.
391 1889 412 1940 f.
432 1886 496 1940 lud.
516 1887 571 1941 111.
590 1905 618 1941 v.
656 1887 777 1958 Ellipoio
796 1888 872 1942 uerbi
886 1888 1023 1942 substant.

38 1994 134 2048 irunt
147 2000 246 2050 electus
265 2013 284 2047 o
294 1995 384 2048 Galba
401 1995 440 2048 od
454 1993 527 2048 dona
540 1997 706 2066 templorum
717 1996 947 2070 recognoscendo.-
966 2013 1033 2050 nam
1043 2011 1101 2048 non
1111 2001 1185 2050 tem·

14 2059 141 2121 iuhemus
159 2075 301 2146 regnante
320 2069 437 2122 Nerone
456 2067 590 2122 incendio
611 2077 694 2123 crant
713 2069 819 2138 diruta,
839 2072 880 2134 (v.
897 2069 971 2122 Aun.
992 2071 1035 2136 15,
1054 2067 1186 2135 38—23.)

14 2132 86 2192 tdalia
98 2141 179 2194 etiam
195 2140 307 2210 templa
319 2140 354 2193 ab
366 2140 467 2196 eodem
481 2148 581 2210 postea
591 2142 713 2212 spoliata
732 2143 863 2212 donaque
881 2142 916 2196 iis
936 2141 1063 2196 detracta
1075 2149 1105 2194 et
1119 2157 1187 2192 con-

14 2203 52 2272 ih,
66 2229 129 2279 quae
140 2214 234 2268 Galba
248 2211 426 2272 restituenda
445 2213 567 2270 curavit.
587 2214 752 2280 r.Ann.15,
768 2217 811 2272 15.
831 2223 860 2268 et
874 2213 951 2269 Suet.
971 2215 1039 2268 Ner.
1059 2215 1103 2270 ³2.
1122 2221 1188 2266 tem-

14 2279 77 2334 um„
92 2285 130 2338 ed.
149 2287 216 2340 niv.
237 2284 327 2340 llben.
346 2288 373 2340 2
392 2290 418 2342 3.
441 2293 469 2338 et
488 2303 544 2339 rec.
565 2293 721 2357 temporum
739 2289 800 2340 Put.
821 2295 896 2353 tres,
915 2287 979 2341 Ber.
998 2283 1090 2339 Rhen.
1111 2289 1137 2338 1.
1151 2313 1188 2325 -·

14 2349 176 2423 'eligentissime
196 2361 399 2429 conquisitione
414 2355 501 2426 fecit,
525 2373 559 2412 ne
583 2365 659 2414 cuius
678 2361 797 2414 atteram
814 2361 994 2430 sacrilegium
1014 2365 1087 2422 cet,
1111 2355 1140 2409 h.
1162 2374 1185 2410 e.

14 2429 121 2484 lcuncta
143 2431 264 2502 templis
288 2432 513 2485 restituerentur
537 2440 656 2500 praeter
688 2450 735 2498 ea,
771 2449 843 2501 quae
874 2433 953 2485 Nero
984 2427 1186 2501 dilapidasse13

14 2493 60 2550 bed
89 2503 186 2568 „Talis
206 2507 377 2574 conquisitio
393 2520 538 2556 sacrorum
556 2505 667 2574 saepius
687 2505 827 2558 instituta.
848 2521 876 2556 v.
897 2503 987 2557 Gron.
1009 2512 1038 2557 et
1056 2501 1132 2554 Dulc
1152 2499 1189 2553 ad

14 2567 40 2620 iv·
59 2577 105 2636 25,
127 2579 175 2634 7.”
210 2575 319 2629 Wulclc
365 2571 455 2643 effecit
480 2592 556 2628 corr.
590 2577 688 2630 Heius.
708 2605 744 2618 -
776 2582 922 2631 sensissetr
958 2575 1011 2642 „si
1039 2575 1188 2648 legeretur

14 2648 94 2707 niret,
125 2648 327 2704 tantummodo
354 2649 389 2702 ad
413 2665 549 2718 praeseus
575 2656 688 2720 tempus
722 2649 931 2718 respiceretur:
963 2665 1000 2701 ne
1026 2647 1090 2716 quis
1115 2653 1187 2710 tum,

14 2729 56 2770 tun
71 2721 274 2791 conquirebat,
294 2719 424 2775 sentiret.
464 2720 535 2788 Quia
553 2729 649 2776 autem
668 2720 726 2775 boc
752 2737 811 2773 uon
838 2727 911 2774 esset
929 2737 1032 2774 verum
1050 2736 1082 2772 ac
1101 2734 1188 2786 resp,

14 2789 48 2840 1⁰1
62 2799 117 2846 nm
135 2793 291 2859 sentiebat,
310 2793 367 2846 hm
386 2811 423 2846 ex
441 2793 531 2868 longo
549 2801 681 2864 tempore
701 2793 801 2859 sensit,
820 2794 1001 2866 plusquamp.
1022 2789 1190 2862 ponendum

14 2867 42 2912 ²1·
72 2865 294 2920 Accurutissime
319 2863 353 2920 de
378 2864 408 2918 h.
429 2865 450 2918 1.
475 2865 536 2938 egit
558 2865 671 2922 Weber
697 2865 937 2942 Uebuugsschule
965 2883 993 2935 p.
1014 2869 1076 2920 131.
1103 2869 1136 2916 ut
1155 2861 1190 2916 de

14 2951 65 2990 cre
81 2939 255 2994 iiamshorn.
277 2938 407 2992 Gramm.
427 2955 456 3008 p.
475 2940 531 2996 102
542 2941 606 3007 sq.''
624 2939 729 2992 liertel.

427 3115 622 3170 CAPUT
665 3117 726 3170 vlt.

42 3260 188 3349 &quens
212 3285 321 3328 annue
342 3267 438 3352 gravi
458 3266 598 3330 vulnere
627 3266 773 3348 animum
795 3263 996 3349 domumque
1017 3267 1088 3328 eius
1109 3267 1192 3328 affli-

14 3353 31 3405 l:
50 3369 120 3411 uam
143 3351 264 3412 classis
287 3349 494 3428 Othoniana,
524 3350 663 3410 licenter
682 3369 784 3436 vaga,
807 3345 888 3410 dum
910 3347 1097 3412 Intemelios
1118 3349 1192 3422 (Li-

14 3431 73 3494 uiae
91 3453 174 3518 pars
198 3435 269 3508 est)
290 3433 456 3497 hostiliter
476 3431 669 3515 populatur,
692 3441 832 3495 matrem
844 3431 1018 3518 Agricolae
1038 3435 1074 3492 in
1095 3451 1192 3516 prae-

14 3515 111 3578 'esuis
145 3519 326 3580 interfecit
352 3513 554 3598 praediaque
575 3517 648 3599 ipse
670 3523 703 3587 et
724 3535 875 3614 magnam
896 3517 1092 3662 qatrimouii
1113 3533 1190 3598 par-

14 3597 202 3684 adripuit,
230 3618 313 3682 quae
334 3619 433 3662 causa
453 3597 562 3661 caedis
585 3603 704 3668 fuerat.
746 3599 895 3685 igitura
939 3597 1099 3666 sollennia
1119 3600 1190 3684 pie-

14 3683 36 3740 is
79 3689 238 3748 suiectus
266 3683 419 3768 Agricola
450 3685 566 3744 nuntio
596 3683 739 3744 affectati
768 3701 788 3744 a
821 3679 1027 3766 Vespasiano
1056 3685 1190 3768 imperii

14 3705 187 3846 protensus
212 3767 383 3828 aestatim
402 3769 439 3826 in
460 3773 571 3848 partes
592 3773 820 3853 trangressus
841 3774 900 3828 est.

38 3851 129 3914 luitis
151 3851 371 3938 principatus
392 3867 432 3910 ac
453 3857 574 3912 statum
593 3847 691 3912 Urbis
708 3847 890 3912 Mucianus
912 3851 1055 3935 regebat,
1078 3848 1190 3912 admo-

14 3951 40 3992 n
58 3938 184 3998 iuvene
210 3933 403 3996 Domitiano
433 3941 466 3996 et
487 3953 528 3994 ex
547 3941 686 4015 paterna
713 3935 849 3996 fortuna
870 3943 1000 3998 tautum
1021 3936 1190 3996 licentiam

14 4029 149 4101 amante.
200 4015 236 4078 Is
251 4019 390 4079 missurn
406 4011 448 4077 ad
469 4013 614 4078 delectus
629 4015 772 4102 agendos
786 4017 815 4078 A
856 4019 975 4082 icolam
994 4017 1190 4107 integreque

27 4111 151 4166 ireuue
174 4109 353 4168 veranum
373 4101 549 4164 vicesimae
576 4095 716 4186 legioni,
748 4109 844 4162 tare
878 4099 920 4162 ad
946 4109 1190 4164 sacramentum
1268 4139 1272 4148 .

14 4199 195 4272 usgressae,
223 4185 425 4268 praeposuit,
448 4181 508 4245 ubi
519 4179 671 4246 decessor
688 4181 844 4246 seditiose
856 4203 955 4270 agere
967 4185 1188 4247 narrabatur:

14 4269 82 4352 u‘ppe
101 4271 230 4358 legatis
256 4285 389 4350 quoque
417 4267 644 4329 consularibus
675 4269 778 4328 nimia
806 4285 845 4329 ac
866 4268 1079 4332 formidolosa
1100 4273 1191 4338 erat3

14 4355 166 4440 tiegerus
191 4353 385 4438 praetorius
404 4347 446 4412 ad
470 4349 689 4414 cohibendum
709 4359 841 4434 potens,
863 4353 1045 4428 incertum
1068 4369 1128 4411 suo
1151 4367 1192 4408 an

821 4433 896 4508 15*
