2904 4802
509 235 652 302 CAPUT
683 235 760 301 Xll.
1181 243 1244 308 369

481 395 675 459 CAPUT
709 401 773 458 ΧΠ.

102 521 247 585 Nemora
266 536 348 582 vero
370 525 404 580 et
424 517 492 579 luci
513 523 547 579 et
568 523 734 578 secretum
754 517 887 599 ipsum,
914 515 1004 600 quod
1025 517 1117 602 Aper
1136 521 1246 586 incre·
1281 593 1286 599 ,

39 609 131 694 pubet,
168 612 296 668 tantam
325 601 409 662 mibi
438 601 584 662 afferunt
613 601 836 681 uoluptatem,
877 607 916 662 ut
937 601 1026 664 inter
1046 607 1159 686 praeci
1183 625 1245 668 uos

38 693 204 753 carminum
224 690 352 750 fructus
373 703 568 764 numerem,
591 679 681 765 quod
704 683 823 745 necin
844 685 1007 768 strepitu,
1029 705 1091 750 nec
1111 625 1245 754 mellente

39 785 96 838 ante
123 773 248 836 ostium
275 771 461 854 litigatore,
494 787 557 830 nec
586 767 676 828 inter
707 763 827 828 sordes·
853 785 893 828 ac
920 769 1073 832 lacrimas
1107 791 1245 834 reorum

35 863 281 940 conponuntur,
318 849 377 914 sed
406 848 532 912 secedit
561 851 692 912 ammos
712 849 748 910 in
769 851 840 911 loca
861 869 948 932 pura
968 860 1068 935 atque
1088 855 1247 918 innocen-

39 945 72 1001 ιιι
88 942 279 1021 fruiturque
299 933 433 998 sedibus
455 935 569 995 sacris.
612 931 705 994 Haec
726 933 933 1015 eloquentiae
946 935 1141 1018 primordie,
1165 939 1246 1001 baec

39 1025 217 1107 poenalia:
239 1021 301 1081 boc
321 1019 470 1102 primum
490 1017 608 1079 habitu
628 1017 788 1100 cultuque
809 1017 1035 1080 commendata
1050 1022 1246 1084 mortalibus

38 1109 128 1168 inille
148 1111 241 1167 casta
261 1110 294 1166 et
314 1102 413 1164 nullis
434 1109 584 1162 contacta
603 1101 696 1163 vitiis
717 1107 853 1184 pectora
873 1102 1022 1165 influxit:
1045 1105 1094 1166 sic
1112 1107 1249 1168 oracula

40 1190 249 1272 loquebantur.
304 1185 393 1248 Nam
422 1184 573 1248 lucrosae
605 1183 707 1246 huius
738 1192 772 1246 et
793 1187 1020 1270 sanguinantis
1042 1189 1249 1270 eloquentiae

40 1295 101 1335 ιιιι
119 1291 237 1335 recens
260 1278 293 1332 et
313 1269 408 1330 malis
429 1267 578 1330 moribus
600 1277 698 1330 natus
720 1275 835 1350 atque,
857 1277 896 1330 ut
916 1277 955 1331 tu
976 1267 1121 1342 dicebas,
1144 1269 1247 1356 Aper,

40 1357 183 1420 inlocum
205 1356 263 1416 teli
284 1362 450 1436 repertus.
495 1348 652 1414 Ceterum
674 1352 751 1414 felix
771 1349 857 1416 illud
878 1360 932 1432 et,
961 1361 1000 1415 ut
1020 1373 1114 1417 more
1134 1364 1249 1418 nostro

41 1443 152 1523 loquar,
174 1457 317 1500 aureum
341 1435 519 1515 saeculum,
541 1444 576 1498 et
591 1445 766 1498 oratorum
787 1443 821 1498 et
840 1439 1020 1499 criminum
1041 1439 1150 1522 inops,
1172 1458 1250 1523 poe-

41 1527 70 1586 tis
87 1533 117 1586 et
135 1521 271 1586 vatibus
292 1516 497 1588 abundabat,
521 1520 579 1604 qui
599 1519 683 1582 bene
702 1521 789 1580 facta
810 1531 979 1601 canerent,
1001 1541 1068 1584 uon
1090 1526 1149 1605 qui
1167 1525 1252 1585 male

41 1607 160 1668 admissa
181 1601 408 1667 defenderent.
460 1601 533 1664 Nec
564 1601 641 1665 ollis
670 1610 729 1665 aut
757 1603 864 1688 gloria
895 1607 1021 1686 maior,
1057 1615 1116 1667 aut
1146 1626 1253 1694 augu-

42 1693 106 1751 stior
124 1691 251 1768 bonor,
284 1689 431 1772 primum
451 1683 542 1770 apud
563 1683 662 1765 deos,
699 1705 844 1769 quorum
864 1691 1018 1830 proferre
1039 1707 1199 1772 responsa
1220 1699 1254 1753 et

43 1779 180 1837 bleresse
202 1773 311 1856 epulis
332 1770 540 1842 ferebantur,
584 1765 703 1832 deinde
730 1766 820 1852 apud
850 1769 924 1832 ilos
951 1769 1015 1834 diis
1044 1773 1173 1858 genitos
1201 1791 1254 1836 sa-

44 1877 161 1942 crosque
183 1875 299 1944 reges,
335 1855 529 1934 intorques
551 1853 717 1916 neminem
738 1849 1001 1936 causidicorum,
1037 1853 1096 1918 sed
1117 1855 1253 1940 Orphea

44 1941 204 2002 telinum
225 1958 285 2018 ac,
316 1939 346 2003 si
365 1937 586 2020 introspicere
606 1935 706 1998 altius
728 1937 828 2014 velis,
861 1937 973 2019 ipsum
992 1937 1180 2022 Apollinem
1201 1960 1254 2003 ac-

44 2027 184 2168 Ιιιὲἰιιιιιει
213 2021 329 2166 quqlsi
356 2019 612 2165 baeqisfabplosa
632 2021 731 2081 nimis
753 2027 786 2121 et
806 2023 990 2166 compegita
1009 2021 1186 2168 videnftlur,
1214 2024 1255 2085 il-

47 2116 492 2272 qlmdrerllemostbddlmdpud
521 2121 713 2270 ppppquqn
732 2121 1081 2274 rddldodrlglusddroilddd
1102 2126 1254 2254 tedrtdldid

47 2279 140 2335 Anum
161 2270 336 2355 Euripidis
358 2278 417 2331 aut
438 2267 615 2352 Sophoclis
637 2289 736 2354 quam
761 2269 883 2352 Lysiae
910 2280 969 2334 aut
990 2272 1176 2358 Hyperidis
1204 2277 1256 2336 in·

48 2356 123 2419 dudi.
166 2357 286 2419 Pluree
308 2352 408 2417 hodie
428 2373 466 2418 re
491 2357 595 2426 eries,
618 2355 677 2438 qui
699 2351 870 2416 Ciceronis
914 2356 1049 2430 loriam,
1074 2378 1174 2442 quam
1196 2359 1257 2442 qui

48 2441 161 2527 Virgilii
189 2439 387 2502 detractent
477 2457 515 2500 ec
542 2439 630 2500 ullus
657 2436 766 2500 Asinii
795 2445 854 2500 aut
922 2441 1046 2504 essalec
1073 2443 1160 2504 liber
1186 2453 1256 2506 tam

49 2525 162 2587 ilustris
184 2533 253 2604 est,
277 2543 377 2606 quam
397 2517 520 2584 Medea
542 2517 656 2586 Ovidii
676 2529 736 2584 aut
756 2519 856 2582 Varii
876 2519 1051 2603 Thyestes.
1152 2575 1154 2582 ,

100 2647 121 2695 l.
157 2639 282 2694 Nunoro
299 2647 328 2694 et
346 2641 404 2693 net
430 2647 456 2693 et
478 2646 610 2693 temtum
636 2642 745 2710 ipsum,
777 2639 853 2710 quod
872 2639 948 2710 Aper
972 2643 1132 2710 increpabat
1157 2645 1257 2713 capss

50 2719 104 2766 extr.
132 2713 175 2768 cf.
194 2715 232 2767 ed
250 2712 323 2766 Anu.
345 2717 377 2776 1,
396 2715 447 2778 39,
465 2715 492 2766 l.
511 2739 548 2752 -
574 2711 680 2766 cedente
706 2717 771 2766 arete
796 2716 899 2765 ouium
921 2715 1085 2784 litigatore,
1115 2731 1183 2766 nam
1207 2715 1257 2768 aab

50 2788 103 2856 gulfi
122 2795 235 2840 emtum
263 2788 407 2840 consultor
429 2787 502 2839 ostia
528 2787 642 2854 puleut,
668 2781 752 2853 (Hor.
772 2781 830 2838 Sat.
851 2787 884 2852 1,
905 2789 939 2851 1,
963 2789 1019 2852 to.)
1037 2783 1098 2838 Sclt.
1136 2785 1259 2841 boetium

51 2859 94 2910 lut.
110 2868 137 2912 et
152 2859 245 2914 Rbeu.
267 2865 292 2914 1.
327 2861 376 2912 lt·
428 2859 488 2910 orie
507 2859 570 2912 rut.
586 2885 626 2898 -
659 2861 737 2910 inter
759 2857 850 2912 cerulea
873 2877 908 2912 ac
924 2861 1057 2912 lacrimas
1075 2863 1198 2921 reorum,
1224 2865 1259 2911 ut

52 2949 81 3000 ep
103 2931 157 2986 cie.
184 2939 253 3003 post
271 2930 368 2985 reda
406 2929 486 2998 Quin.
507 2947 530 2983 c.
551 2935 578 2987 3.
606 2937 635 2984 ct
653 2946 698 3000 ep.
717 2929 754 2983 ad
772 2928 830 2983 div.
850 2933 904 2998 14,
923 2933 970 2996 2..
999 2929 1058 2984 Sele.
1079 2938 1109 2986 et
1125 2931 1177 2985 Dr.
1214 2929 1257 2986 Of.

52 3005 77 3056 at
89 3003 155 3057 Ann.
173 3009 207 3072 4,
227 3007 273 3060 52
292 3031 326 3044 -
345 3005 446 3057 secedit
463 3005 575 3056 unimus
594 3005 625 3056 fn
644 3006 705 3057 loco
719 3019 795 3073 puro
812 3011 893 3074 atque
912 3007 1074 3058 innocentia
1091 3004 1187 3072 ruris,
1206 3003 1258 3056 ubi

53 3076 133 3144 purior
153 3085 197 3131 est
221 3094 273 3131 aer
291 3083 321 3130 et
339 3075 521 3131 innocentius
538 3075 664 3143 vivitur,
696 3092 784 3146 quam
803 3075 834 3128 in
854 3075 951 3144 Urbe,
970 3075 1135 3150 fruiturque
1161 3079 1203 3142 (v.
1223 3075 1260 3129 ad

54 3149 108 3200 Auo.
121 3151 155 3213 2,
175 3155 227 3216 13,
248 3151 290 3216 1.)
308 3149 416 3204 cedibus
433 3153 521 3204 eunte
538 3149 703 3214 Musarum,
721 3155 755 3201 ut
774 3164 835 3218 cap.
856 3154 891 3206 13
907 3157 981 3203 extr.
1013 3153 1066 3204 illa
1082 3167 1164 3204 sacro
1183 3151 1261 3204 illor-

55 3239 88 3288 ιιι
96 3220 196 3290 sontes.
214 3221 262 3276 cf.
282 3220 320 3275 ad
337 3237 400 3292 cap.
420 3225 447 3279 9.
468 3239 496 3274 ιι.
517 3224 543 3276 7.
555 3219 723 3293 frueturque
741 3219 786 3275 sd.
805 3237 852 3290 pr.

104 3313 127 3366 2
161 3313 237 3366 Haec
262 3314 433 3383 eloquentiae
456 3309 629 3381 primordiae
661 3327 729 3363 narn
758 3309 962 3379 antiquissimo
995 3319 1128 3384 tempore
1159 3309 1260 3366 leudes

56 3382 167 3451 inrum,
201 3402 249 3440 res
268 3393 365 3462 gestae
383 3383 525 3447 heroum,
555 3383 668 3452 primae
687 3383 716 3436 le
738 3398 767 3436 es
785 3389 815 3436 et
832 3382 967 3438 institute
985 3403 1014 3438 sa
1037 3385 1149 3439 ientum
1168 3383 1260 3437 versi·

56 3453 92 3507 bus
107 3458 292 3523 canebantur,
327 3465 356 3510 et
375 3457 524 3512 exstabant
542 3472 609 3508 cum
627 3454 704 3526 apud
717 3399 849 3509 liusena
868 3461 931 3509 tum
950 3474 1006 3528 epu
1045 3457 1190 3510 Romanos
1207 3473 1259 3510 va·

58 3532 86 3580 tes
100 3537 124 3582 et
139 3537 241 3601 poetae
260 3529 357 3599 prius,
394 3545 482 3600 φιιιιι
509 3529 667 3600 scriptores
691 3527 802 3582 solutae
829 3527 991 3595 oratiouie;
1018 3528 1123 3583 Subula.
1160 3528 1203 3582 cf.
1223 3527 1260 3582 ad

59 3615 102 3669 np.
118 3606 141 3656 l.
158 3620 186 3654 n.
205 3607 232 3660 3.
253 3629 287 3642 -
322 3601 388 3655 boec
404 3605 563 3673 penetralia
581 3603 766 3672 eloquentiae,
793 3607 826 3654 ut
850 3601 913 3655 fere
931 3607 1087 3656 summum
1105 3608 1259 3674 poetarum

59 3687 76 3722 t·
89 3676 126 3728 lb.
160 3675 300 3730 Peuetrule
316 3691 418 3748 propr.
439 3675 549 3728 dicitur
565 3691 633 3745 pars
650 3673 764 3742 media,
789 3673 915 3728 interior
933 3676 1116 3744 sanctiorque
1134 3673 1259 3741 aedium,

60 3747 390 3884 illuditur
405 3748 660 3876 tblftt'tt
673 3745 881 3876 “..tt'lt‘t
895 3747 1059 3874 tte]
1073 3747 1261 3874 ''att'‘ttt

276 3856 286 3886 r
327 3857 334 3872 ·
475 3859 482 3874 ·
527 3858 536 3888 r
598 3854 607 3883 t
665 3857 671 3872 ·
769 3857 776 3874 ·
833 3857 840 3872 ·
882 3856 889 3870 ·
928 3857 935 3871 ·
1060 3858 1067 3873 ·
1165 3859 1172 3874 ·

61 3887 119 3958 Lips.
137 3901 164 3946 et
181 3839 241 3947 read.
276 3892 319 3946 cf.
340 3893 376 3955 asl
395 3909 419 3946 c.
440 3899 465 3948 1.
486 3911 514 3946 n.
533 3897 559 3950 3.
591 3891 658 3946 leaeo
675 3891 738 3946 edd.
758 3899 814 3944 vet.
845 3891 890 3944 bic
907 3892 955 3958 (in
973 3889 1020 3946 bis
1038 3892 1152 3947 sedibus
1171 3893 1260 3947 sacris

62 3957 165 4032 lotisque
182 3964 315 4032 desertis)
332 3968 455 4034 primum
474 3993 511 4006 —
527 3965 573 4018 bic
589 3966 704 4018 oraculo
730 3964 913 4035 loquebantur
930 3965 1007 4019 coni.
1036 3963 1202 4040 Schultiugt
1223 3993 1260 4006 -

63 4039 222 4092 mamendoto
244 4039 407 4094 mortalibus
434 4056 470 4094 ex
497 4037 608 4094 emend.
635 4039 709 4089 lllur.
734 4044 885 4106 receptum
909 4035 942 4090 ab
967 4037 1015 4092 Or.
1045 4039 1185 4108 nobisque
1204 4053 1259 4107 pro

65 4105 124 4182 vulg.
139 4109 203 4164 lect.
225 4112 365 4164 commoda
383 4131 431 4174 m,
451 4127 525 4181 quae
544 4111 578 4165 ab
596 4109 667 4163 Em.
688 4110 845 4179 exponitur
861 4115 937 4179 apte,
954 4109 1091 4180 iucunda,
1112 4129 1129 4164 a
1146 4109 1209 4180 Bip.
1231 4117 1260 4163 et

66 4175 100 4229 (ll.
119 4183 209 4248 utilis,
242 4191 413 4254 opportuna.
456 4191 567 4253 compto
595 4181 645 4236 vel
677 4183 851 4235 commodato
882 4181 1014 4250 (homini
1042 4183 1107 4238 datu
1136 4181 1260 4236 coelitus

66 4253 160 4320 utenda)
186 4255 260 4312 coni.
289 4257 367 4327 Lips.
396 4265 425 4310 et
450 4255 581 4311 Freiuslu
620 4263 756 4308 commota
773 4260 821 4323 (ut
839 4272 883 4326 ap.
904 4254 966 4310 cic.
985 4257 1065 4310 Brut.
1085 4261 1129 4312 11.
1165 4258 1199 4308 ub
1217 4253 1262 4308 ht·

68 4328 142 4387 prmo
163 4337 297 4382 commotu
320 4337 360 4383 est
377 4329 498 4384 lectoria
516 4337 545 4383 et
563 4327 639 4382 Plut.
659 4329 691 4380 in
710 4327 770 4383 sol.
795 4328 843 4394 cris
868 4328 1020 4400 τραγῳδίαι
1045 4329 1139 4393 ueruto)
1164 4325 1260 4382 Sobel.

70 4393 151 4458 „Totus
167 4401 245 4456 locris
263 4403 396 4478 graviter
415 4403 536 4460 effectus
562 4407 620 4456 est:
656 4401 759 4456 multis
784 4399 861 4456 euim
886 4400 979 4454 modis
1002 4402 1051 4455 vel
1076 4419 1093 4454 e
1120 4399 1263 4456 sententia

108 4495 162 4568 opp.
181 4501 239 4555 ι...
261 4499 349 4554 nur.
917 4475 967 4546 24

46 4673 48 4745 Ι
