2756 4792
481 219 625 305 cicer
651 243 694 307 11.
1142 250 1205 314 seo

33 413 86 458 ures
103 413 164 468 eret,
198 405 264 459 eliis
289 409 446 463 rationibus
472 423 626 468 enarrare,
656 422 743 476 quam
769 409 873 478 quihus
899 409 948 462 illi
972 411 1016 464 usi
1040 413 1200 468 tuissent?”

30 476 65 530 ied
78 480 149 532 Moser
163 479 192 531 iu
211 479 314 533 Annei.
334 480 465 536 Heidelb.
486 499 510 535 a.
530 483 611 539 1829.
630 479 728 548 ml,
747 486 774 539 9.
794 497 824 554 p.
843 485 906 539 937.
926 484 1019 568 magis
1038 485 1066 538 h.
1088 486 1108 539 l.
1129 501 1199 541 eon-

31 568 97 622 nnire
110 568 253 624 ubiuatur
278 573 452 634 rationibus,
487 578 516 625 et
539 571 613 625 olim
641 571 784 642 seriptum
811 573 899 628 finisse
917 573 1197 643 ISDEQRAOIBUS.

29 639 112 704 „llectn
134 659 193 694 nem
212 643 454 712 quemadmodum
472 643 570 698 iisdem
588 648 710 699 numeris
729 647 883 700 referenda
901 653 969 700 sunt
987 647 1022 701 ed
1040 649 1116 703 dista
1133 667 1200 722 gru·

28 717 84 773 citer,
109 714 141 767 in
163 716 257 771 ir’sdem
282 718 441 771 rationibus
469 717 506 772 ud
533 721 689 790 excogitata
706 717 875 772 subtiliter!
904 719 935 773 V.
954 721 990 772 D.
1017 720 1148 777 laudatus
1166 723 1199 776 ln

29 794 71 837 ecte
84 791 102 840 l.
132 790 219 844 iisdem
238 809 314 844 nunc
331 793 505 862 orgionnitis
525 790 600 844 coni.
618 789 802 862 Peerlkamp.
823 791 855 844 in
874 791 1015 846 Biblioth.
1036 795 1102 848 crit.
1122 791 1198 851 nove

27 857 45 922 l,
57 863 74 912 1.
88 877 111 929 p.
126 865 171 917 1⁰⁰
180 879 221 932 sq.
242 863 330 918 Amet
352 867 431 922 1829.
450 893 488 904 -
521 871 631 917 serenio
655 863 752 918 ordine
777 865 980 935 disputationis
1005 865 1143 938 cuiusque
1170 877 1199 924 et

27 929 188 1000 disputantium
225 935 269 990 De
287 937 382 991 terina
399 935 544 1012 dialogice
562 935 640 990 male
660 937 773 1010 accepit
790 936 932 1006 Schule03
951 939 1003 992 Dr.

69 1023 87 1078 i
117 1023 196 1098 Neque
215 1031 290 1082 enim
307 1027 405 1098 defuit,
422 1030 473 1101 qui
489 1029 627 1083 diuersam
645 1046 748 1100 quoque
762 1035 873 1097 partem
884 1031 1040 1098 susciperet,
1060 1033 1111 1102 qui
1130 1050 1201 1088 oon·

25 1093 107 1174 uarium
123 1097 300 1168 detenderet,
319 1119 358 1156 sc.
377 1103 458 1173 Aper
477 1118 540 1172 cap.
560 1103 684 1158 15-23.
721 1101 876 1164 diuersam,
901 1099 1065 1172 adversam,
1085 1114 1200 1160 contre-

26 1182 76 1218 um.
101 1187 123 1222 r.
144 1171 175 1225 ad
197 1173 270 1227 Ann.
289 1177 325 1242 2,
344 1178 400 1240 60,
419 1179 444 1230 1.
483 1173 551 1229 Pars
569 1175 619 1230 rel
637 1173 733 1245 potius
750 1183 859 1242 partes,
885 1175 1034 1246 primae„
1046 1179 1200 1246 secundae,

24 1238 106 1306 terne,
132 1247 249 1315 proprie
274 1256 419 1302 vocantur
446 1264 603 1318 personae,
636 1264 706 1317 quas
728 1245 886 1302 histriones
911 1245 944 1299 in
971 1266 1057 1303 scena
1076 1251 1201 1328 agendas

24 1311 146 1382 suscipiunt,
163 1318 288 1374 aliorum
305 1321 414 1386 vultus,
434 1337 544 1386 mores,
559 1337 706 1374 sermones
719 1319 867 1374 imitantes
887 1327 916 1374 ct
934 1321 1102 1391 reddentes,
1121 1325 1201 1380 unde

20 1393 83 1450 pare
102 1391 150 1442 sibi
170 1389 285 1460 deferri,
312 1395 434 1464 imponi,
462 1393 540 1456 duri,
570 1395 723 1460 deposcere,
754 1399 907 1463 suscipere,
937 1399 1073 1465 excipere,
1100 1397 1202 1460 subire,

21 1461 114 1513 ustuire
130 1461 276 1518 dicuntur:
306 1484 362 1521 nec
385 1483 445 1521 non
462 1474 559 1538 partes
579 1465 715 1520 adversae
735 1467 767 1519 in
784 1469 849 1520 foro
869 1473 897 1520 et
915 1465 1040 1522 iudiciis.
1061 1497 1098 1510 ·-
1132 1475 1202 1526 mul-

22 1535 59 1580 tin
77 1543 158 1588 cunta
179 1546 331 1602 uetustate,
361 1548 394 1592 ut
414 1557 439 1594 c.
458 1543 495 1594 40
512 1557 558 1610 pr.
585 1545 614 1593 et
633 1539 668 1594 de
688 1537 788 1594 eodem
807 1537 887 1610 Apro
907 1556 969 1610 cap.
988 1541 1034 1596 ur.
1072 1546 1202 1616 antiquos
1260 1555 1264 1574 ¹

19 1610 451 1668 urnii—incessit-insectotus
469 1621 518 1666 est.
558 1611 661 1666 Vereri
687 1611 810 1682 proprie
829 1611 957 1677 dicitur,
984 1618 1048 1685 qui,
1071 1617 1119 1668 sui
1145 1636 1201 1672 nen

18 1683 91 1742 imit·
114 1680 204 1752 fertur
234 1687 337 1756 (quasi
364 1686 490 1752 uehitur)
513 1692 540 1738 et
564 1693 698 1752 raptetur
719 1693 801 1755 utque
829 1682 880 1736 huc
906 1692 988 1756 utque
1013 1689 1082 1740 illuc
1099 1687 1202 1743 diem-

19 1745 82 1816 lin5
95 1754 161 1810 cett
179 1760 214 1823 2,
234 1761 260 1814 6.
289 1757 397 1814 deinde
416 1758 467 1829 qui
485 1758 535 1812 vel
553 1757 727 1824 vellicetur,
747 1765 898 1810 accusatur
916 1765 945 1811 et
962 1757 1201 1830 reprehenditur,

17 1822 48 1872 tel
62 1831 251 1886 contumeliose
270 1839 428 1900 tractetur,
448 1826 584 1892 αἰκίζεται.
602 1859 640 1870 -
663 1837 824 1884 nostrorum
842 1837 997 1900 temporum
1016 1835 1202 1904 eloquentiam

17 1897 127 1965 niciensi
147 1909 327 1976 antiquorum
350 1907 493 1977 ingeniis,
524 1903 737 1972 „eloquentiae
785 1903 851 1958 Vox
877 1907 1021 1974 ingenium
1048 1906 1203 1978 quinquies

66 1987 115 2044 erp.
133 1983 161 2030 et
178 1978 264 2046 vario
282 1997 381 2044 sensu,
403 1985 435 2030 ut
452 1977 573 2048 passim,
600 1977 749 2043 occurrit,
774 1994 802 2030 r.
824 1993 848 2029 o.
869 1992 901 2028 ce
923 2015 930 2030 .
949 1979 976 2034 2.
1003 1976 1054 2030 ubi
1072 1979 1203 2049 primum

16 2035 97 2096 hucin
112 2049 169 2104 iere
187 2050 229 2103 id.
251 2049 298 2120 qd.
318 2060 436 2112 orator,
465 2051 653 2120 (celeberrimo
675 2058 735 2102 tum
755 2051 871 2120 ingenio
880 1993 950 2118 siri
966 2054 1070 2112 nostri)
1099 2051 1202 2108 deinde

17 2113 150 2174 institutioni
165 2130 192 2175 et
213 2126 304 2180 literis
323 2124 499 2196 opponitur:
529 2126 673 2195 ingenium
698 2130 727 2175 et
750 2127 793 2176 uis
810 2125 954 2176 naturae.”
985 2122 1104 2178 &tune
1145 2125 1204 2182 sni

15 2188 70 2268 bid
84 2193 146 2268 Agr
166 2198 209 2251 12.
232 2215 261 2250 n.
280 2199 306 2252 5.
344 2197 492 2269 ingenium
517 2203 559 2251 est
585 2195 686 2265 utique
704 2211 761 2249 vox
779 2191 950 2268 πολύσημος,
983 2195 1034 2250 sed
1058 2213 1120 2252 non
1144 2198 1203 2252 alie

15 2262 184 2342 micantius
202 2270 300 2324 varias
319 2271 453 2325 notiones
472 2268 620 2337 animique
640 2267 735 2336 dotes,
762 2275 796 2320 ut
813 2269 875 2322 iere
894 2268 972 2324 Gall.
992 2269 1087 2340 ginis,
1106 2273 1204 2344 expri-

14 2341 58 2400 mi,
74 2353 136 2406 quse
154 2341 255 2396 Germ.
276 2342 413 2397 dicuntur
433 2345 544 2405 Toleni,
563 2339 747 2410 Scharjsinn,
765 2340 922 2394 notirliche
939 2341 1130 2415 Erfinclungs·
1148 2346 1207 2404 und

14 2401 282 2487 lodhitungskrofl,
299 2417 434 2471 Dentati.
473 2416 516 2471 Cf.
535 2413 599 2468 lnd.
620 2413 660 2468 11.
680 2423 710 2468 et
727 2412 895 2468 Boettieher
914 2413 945 2467 in
964 2417 1033 2470 Lex.
1053 2415 1120 2468 Tac.

454 2595 648 2650 CAPUT
685 2597 723 2648 ll.

65 2701 141 2768 Nem
170 2718 309 2792 postero
340 2709 395 2774 die
425 2729 524 2792 quam
547 2705 720 2770 Curiatius
741 2705 918 2770 Maternus
941 2704 1099 2771 Catonem
1120 2710 1207 2771 reci-

14 2785 120 2868 neret,
148 2813 257 2874 quum
277 2792 455 2856 offendisse
476 2795 663 2877 potentium
690 2793 818 2854 animos
840 2788 1026 2870 diceretur,
1047 2799 1206 2874 tanquam

14 2859 76 2928 ²¹⁶⁰
92 2875 282 2962 tragoediae
303 2885 498 2965 argumento
521 2877 575 2938 sui
595 2875 716 2938 oblitus
736 2883 866 2938 tantum
888 2872 1046 2938 Catonern
1066 2875 1207 2961 cogites-

14 2957 53 3028 tt,
76 2975 174 3041 caque
208 2959 252 3022 de
281 2982 320 3023 re
340 2981 403 3045 per
423 2960 547 3024 Urbem
567 2963 724 3042 frequens
747 2977 856 3021 sermo
878 2959 1079 3038 haberetur,
1105 2977 1207 3023 vene·

14 3045 63 3096 nrt
79 3039 115 3101 ad
136 3063 215 3105 eum
239 3041 290 3105 M.
312 3045 404 3128 Aper
426 3053 459 3107 et
481 3044 585 3105 lulius
607 3039 801 3123 Secundus,
824 3043 1040 3105 celeberrime
1060 3053 1134 3106 tum
1155 3044 1207 3104 in-

14 3123 72 3183 'tuie
92 3127 156 3188 fori
178 3131 301 3190 nostri.
342 3127 437 3275 fuce
460 3147 520 3215 ego
541 3129 578 3190 iu
598 3125 733 3190 iudiciis
754 3145 821 3190 uon
841 3133 1004 3211 utrosque
1017 3125 1115 3188 modo
1137 3134 1207 3188 stu-

14 3167 70 3266 hue
86 3207 283 3292 audiebam,
305 3232 341 3276 se
385 3210 475 3274 domi
497 3231 629 3295 quoque
651 3213 741 3274 etin
762 3211 895 3294 publico
927 3211 1116 3272 assectaber
1144 3213 1207 3272 mi-

14 3289 223 3358 tetudiorum
247 3295 428 3379 cupiditate
459 3304 492 3358 et
513 3293 656 3379 quodam
677 3293 800 3358 ardore
828 3295 986 3374 iuvenili,
1013 3302 1053 3356 ut
1079 3293 1207 3356 fabulas

14 3383 104 3464 quque
122 3397 248 3441 eorum
276 3388 310 3442 et
338 3379 580 3463 disputationes
611 3388 645 3441 et
664 3397 786 3440 arcena
807 3385 952 3440 semotae
973 3375 1128 3439 dictionis
1149 3397 1208 3460 pe-

14 3455 68 3516 tius
93 3465 306 3546 exciperem,
337 3465 490 3548 quamvis
518 3463 660 3548 maligne
687 3463 841 3545 plerique
868 3463 1107 3544 opinarentur,
1146 3479 1208 3523 nec

14 3527 122 3630 hundo
142 3553 345 3630 promptum
367 3567 438 3609 esse
459 3565 658 3624 sermonem,
680 3553 713 3607 et
733 3545 863 3628 Aprum
885 3547 1020 3630 ingenio
1042 3546 1154 3628 potius
1175 3553 1209 3606 et

14 3631 183 3708 craturae,
207 3651 311 3716 quam
332 3632 544 3693 institutione
566 3637 599 3692 et
626 3629 733 3692 literis
760 3631 880 3690 famam
901 3629 1109 3713 eloquentiae
1130 3647 1209 3689 con·

14 3717 129 3774 nutum.
172 3714 268 3777 Nam
300 3723 334 3777 et
361 3711 524 3777 Secundo
546 3733 653 3797 purus
681 3722 716 3776 et
743 3733 879 3796 pressus
911 3719 963 3790 et,
989 3715 1208 3796 inquantum

28 3790 58 3848 tis
75 3807 160 3878 erat,
183 3799 361 3882 profluens
383 3818 492 3861 sermo
514 3817 581 3859 non
603 3794 729 3878 defuit,
752 3805 786 3858 et
806 3797 919 3880 Aper,
941 3797 1109 3860 communi
1131 3815 1208 3858 eru-

27 3873 95 3942 tione
119 3883 296 3962 imbutus,
324 3881 555 3946 contemnebat
589 3883 702 3964 potius
741 3882 855 3942 literas
895 3900 994 3963 quem
1028 3880 1208 3958 nesciebat,

14 3969 124 4038 mquam
151 3969 322 4030 maiorem
349 3965 539 4031 industriae
568 3973 602 4028 et
629 3965 753 4027 laboris
785 3965 926 4048 gloriam
952 3964 1149 4035 habiturus,
1180 3965 1210 4023 si

14 4047 137 4182 &nium
168 4053 250 4116 eius
279 4051 380 4114 nullis
407 4052 593 4112 alienarum
622 4051 748 4114 artium
778 4046 989 4112 adminiculis
1020 4049 1120 4110 inniti
1158 4050 1210 4108 vi-

40 4137 115 4193 etur.

17 4327 22 4340 Ι
51 4269 71 4318 1.
102 4279 218 4338 postero
239 4269 286 4324 die
303 4287 388 4342 qnam
405 4297 441 4308 ·-
460 4273 645 4330 recitaverat,
678 4275 712 4320 ut
738 4283 782 4338 ap.
807 4267 868 4320 Gie.
888 4283 931 4322 er.
951 4269 984 4334 2,
1003 4273 1030 4324 3.
1059 4283 1126 4320 nem
1145 4283 1211 4321 rer-

14 4345 33 4380 *
43 4348 137 4404 mucro
156 4345 205 4398 die
225 4342 276 4394 vis
290 4341 489 4412 (temperativi
509 4343 594 4407 inest,
613 4339 692 4394 unde
712 4357 744 4393 ea
763 4339 874 4410 excipit
892 4357 991 4412 quom,
1010 4339 1109 4394 Germ.
1131 4342 1212 4395 einen

14 4397 141 4484 stipites·
158 4421 217 4482 als,
239 4416 292 4470 den
304 4415 366 4487 fag
385 4415 514 4478 norhber,
533 4417 583 4468 uie.
603 4414 647 4469 Gi.
661 4413 691 4467 V.
702 4415 738 4465 D.
759 4411 891 4466 laudatus
910 4413 941 4464 in
959 4419 1027 4465 note
1047 4417 1072 4467 1.
1083 4419 1156 4466 extr.
1177 4440 1213 4453 -

825 4485 905 4558 22*
1002 4501 1005 4506 '
