2756 4792
169 197 230 262 ess
478 189 704 306 onnocus
727 193 784 256 on
807 193 1093 288 customens.

168 368 318 416 auctorem
344 375 402 413 non
430 324 539 412 resirin
579 358 643 412 nde.
689 359 805 412 Tacitus
833 360 894 428 ipse
925 377 1022 417 causas
1051 360 1113 434 egit
1145 361 1260 430 fuitque
1290 368 1371 414 orator.

169 434 276 503 Quodsi
295 432 391 508 igitur
409 437 489 487 esist.
509 375 625 486 tultam
643 432 852 498 scriberemus,
872 433 1002 502 scriptor
1017 433 1206 506 arrogantius
1225 433 1327 486 locutus
1342 451 1372 485 es·

169 515 229 574 set,
258 523 349 576 quum
368 523 398 558 ee
418 506 514 576 ipsum
535 505 663 559 eximere
682 505 851 570 videretur,
880 514 1019 575 tanquam
1039 505 1117 560 solus
1138 505 1313 573 eloquentiae
1329 506 1374 556 lau·

170 582 235 634 dein
256 579 408 654 attigisset.
456 577 632 647 Corruptam
661 593 731 630 vero
757 594 815 632 esse
836 577 1049 646 eloquentiam,
1082 594 1183 632 omnes
1201 579 1282 631 illius
1297 578 1374 630 1111111

169 653 302 708 hornines
321 651 401 704 docti
419 649 604 704 credebant.’'
648 648 777 715 Quarum
806 650 952 703 rationum
979 652 1041 704 vim
1069 667 1128 704 non
1156 651 1244 704 multi
1271 649 1374 720 capient,

170 737 198 780 et
218 725 432 778 existimandum
450 727 490 776 sit
508 722 692 808 arrogantius
712 722 822 774 dicttun
842 723 940 777 videri
959 729 1055 794 potest
1074 740 1162 792 quam
1181 727 1258 778 esist.
1279 724 1374 777 lolem.

169 801 260 867 Quem
278 805 377 850 tamen
395 795 529 850 codicem
549 795 662 865 Lipsius
681 794 710 847 h.
732 795 751 848 l.
771 797 929 849 Romanum
947 796 1158 867 appellaverit,
1178 796 1184 809 ’
1228 813 1340 860 oramus,
1355 803 1375 848 et

167 879 207 927 sit
226 873 254 924 le
276 871 336 922 itur
353 871 385 922 in
405 868 468 922 eod.
488 869 573 921 Fam.
593 867 707 922 11111111
725 884 797 922 vero
811 868 953 922 insertum
966 870 1229 930 111111111ιοί11,
1248 859 1300 940 afui
1311 885 1365 920 nov

170 953 231 1009 rat,
251 888 329 996 dano
347 941 510 994 dictionem
530 940 643 994 auctori
662 940 749 994 huius
769 941 878 1016 dialogi
896 942 1075 995 familiarem
1095 959 1162 996 esse.
1202 942 1238 994 ln
1257 941 1377 996 eddante

169 1019 248 1088 Lips.
268 1033 308 1070 vu
342 1014 395 1066 atis
414 1031 510 1084 neque
527 1019 577 1074 sit,
596 1031 690 1082 neque
705 1013 818 1066 labeum
837 1015 958 1090 legitur,
978 1021 1007 1068 et
1018 1017 1060 1069 sit
1077 1031 1093 1066 a
1112 1031 1170 1083 seq.
1190 1019 1218 1070 si
1235 1015 1375 1084 absorpto

169 1088 309 1162 putabant
350 1087 395 1139 ch.
416 1095 445 1140 et
463 1087 530 1152 Oia,
563 1094 718 1154 utramque
737 1103 808 1140 vero
827 1103 931 1140 vocem
950 1095 1089 1157 tanquam
1107 1088 1217 1162 glossas
1235 1088 1378 1140 reieeemo

169 1161 312 1218 Schursil.
333 1159 514 1213 1111111.-
544 1163 591 1212 eis
616 1159 722 1211 hercule
745 1162 887 1221 auderem,
914 1177 951 1214 ne
970 1161 1033 1214 scil.
1055 1161 1220 1229 aequalium
1241 1160 1276 1211 in
1293 1177 1333 1212 me
1349 1161 1370 1210 la

170 1251 312 1290 cesseram
332 1231 476 1284 invidiam
496 1231 670 1300 odiumques
702 1231 807 1284 schulz.
852 1233 946 1286 lmmo
971 1239 1017 1287 uis
1044 1233 1185 1294 1111111111,
1217 1236 1246 1286 si
1266 1252 1322 1286 mea
1337 1251 1373 1284 ses

168 1305 260 1362 tertie
277 1303 443 1375 proferenda
462 1311 491 1357 et
511 1307 626 1375 iugenio
645 1321 712 1374 opus
731 1313 807 1359 esset.
846 1307 976 1360 Modesto
1004 1307 1043 1359 ita
1069 1305 1104 1360 de
1131 1321 1161 1359 se
1180 1305 1289 1358 iudicat
1307 1313 1332 1358 st
1348 1305 1370 1356 lc

169 1381 279 1450 quitur.
299 1407 336 1417 -
369 1382 396 1430 si
421 1395 481 1430 meo
505 1383 645 1431 sententia
660 1375 830 1448 proferenda
849 1397 873 1431 c.
896 1379 981 1432 Fam.
1000 1378 1092 1432 lihon.
1113 1381 1138 1433 2
1158 1383 1184 1434 3.
1206 1378 1286 1448 hips.
1305 1379 1337 1430 al.
1363 1393 1372 1428 s

168 1453 242 1506 mihi
258 1469 318 1504 mea
336 1467 357 1503 s.
376 1469 403 1520 p.
425 1447 501 1502 MSS.
522 1451 582 1503 Vas.
604 1447 667 1503 edd.
688 1451 816 1520 primae,
842 1452 920 1505 Brot.
951 1451 1001 1505 Ob.
1030 1451 1119 1505 Belrk.
1140 1450 1212 1504 nun.
1231 1452 1286 1505 Dr.
1308 1452 1375 1504 (11.1

170 1525 259 1580 01111.
279 1553 315 1564 -
333 1541 367 1576 oc
384 1529 450 1576 aute
468 1541 523 1575 nore
542 1521 654 1576 delevit
674 1523 779 1576 Heum.
818 1523 897 1591 „Sed
916 1541 942 1576 v.
963 1523 1073 1576 Handii
1091 1523 1218 1576 11111111.
1237 1525 1265 1578 1.
1284 1525 1377 1595 ptis!

172 1599 310 1653 01111.-
340 1603 371 1648 us
395 1599 501 1649 uostris
527 1597 694 1666 temporibus
718 1613 743 1649 c.
770 1597 856 1649 Farn.
888 1597 951 1650 edd.
978 1597 1057 1668 Lips.
1079 1604 1108 1650 et
1127 1613 1187 1650 rec.
1207 1604 1323 1649 tantum
1340 1611 1378 1648 no

169 1688 275 1726 omnes.
295 1687 323 1722 v.
343 1669 379 1721 ad
398 1667 434 1722 G.
453 1671 480 1726 2.
501 1685 528 1720 n.
548 1671 574 1724 8.
608 1677 641 1721 ut
668 1669 746 1722 obest
774 1669 808 1722 ab
838 1669 901 1723 edd.
926 1677 983 1722 vet.
1012 1669 1091 1738 quod
1109 1670 1186 1722 male
1204 1669 1366 1740 probanti]

170 1752 198 1797 et
217 1745 262 1796 Os.
283 1751 421 1810 tanquam
440 1749 471 1793 ut
491 1757 549 1793 non
569 1750 793 1795 consentaneum
813 1743 850 1794 sit
869 1741 1027 1795 modestiae
1048 1742 1163 1812 ipsique
1181 1741 1334 1813 scriptoris
1352 1741 1375 1790 iu

169 1816 265 1883 dicio,
290 1817 350 1868 sive
368 1829 454 1876 vero,
480 1813 540 1865 sive
559 1814 703 1868 simulato.
742 1813 926 1888 „Eleganter
943 1823 976 1866 ui
993 1814 1023 1867 h.
1044 1815 1064 1866 1.
1085 1815 1186 1884 explet
1203 1831 1333 1868 sensum.
1370 1824 1378 1835 “

169 1890 248 1943 enim
267 1888 396 1940 absolute
416 1885 610 1938 laudabantur
627 1887 686 1938 viri
705 1885 886 1940 disertissimi
906 1886 1012 1941 horum
1031 1895 1219 1958 temporum,
1241 1889 1358 1958 quido·

169 1969 231 2016 erat
249 1961 333 2029 queri
354 1959 390 2012 de
409 1958 525 2011 saeculo
545 1959 727 2028 eloquentiae
747 1959 832 2014 laude
852 1961 1001 2014 orbato?''
1019 1959 1079 2014 Sele.
1118 1960 1258 2031 scriptor
1277 1963 1363 2032 ipssa

167 2035 266 2103 tiquos
285 2039 415 2085 oratores
434 2031 626 2100 anteponebat
645 2032 807 2086 oratoribus
827 2035 871 2086 sui
889 2033 1047 2104 temperies
1076 2034 1161 2086 Orell.
1205 2035 1339 2087 Prisnuro
1357 2051 1376 2082 t·

168 2114 278 2160 sertum
298 2112 389 2157 estut
407 2121 424 2156 a
443 2103 559 2172 laipsio,
593 2111 621 2158 et
640 2103 717 2157 haud
736 2103 821 2158 dubie
841 2123 856 2159 e
876 2105 932 2159 MS.
954 2105 1042 2158 Farn.
1089 2107 1135 2159 Ex
1154 2123 1206 2170 eo,
1236 2107 1318 2176 quod
1342 2105 1377 2174 ip

166 2177 338 2250 profitetur,
370 2175 505 2244 quodque
530 2177 620 2230 semel
647 2177 792 2230 monuisse
810 2177 959 2242 sufficiat,
990 2179 1144 2232 innumera
1161 2180 1255 2233 tacite
1276 2177 1373 2234 emend

167 2251 221 2321 vit:
241 2250 348 2304 diserte
366 2263 437 2302 vero
457 2247 567 2301 indicat
577 2287 586 2314 ,
608 2267 681 2318 quae
701 2249 815 2320 abipso
836 2259 966 2304 correcta
985 2259 1059 2304 sunt.
1080 2279 1116 2293 ·-
1133 2257 1330 2326 quaestionem
1346 2269 1374 2320 pe

167 2331 341 2384 tractantes,
362 2339 389 2374 v.
409 2320 445 2374 ad
464 2320 499 2373 G.
520 2325 564 2377 11.
585 2339 612 2374 n.
633 2327 658 2378 3.
679 2351 714 2363 -
740 2327 845 2378 iuvenis
864 2324 1019 2390 admodum,
1040 2343 1067 2377 v.
1087 2325 1123 2378 ad
1143 2325 1215 2378 Anu.
1241 2332 1270 2392 1,
1291 2332 1320 2390 3,
1332 2329 1356 2380 8.

167 2399 236 2474 Agr.
256 2399 282 2452 7.
303 2414 331 2447 n.
350 2399 427 2450 3.-
445 2397 581 2447 memoria
599 2415 631 2448 ae
649 2397 839 2451 recordatione
856 2413 1029 2468 synonyma.
1237 2439 1240 2444 .

238 2473 265 2523 1.
303 2469 378 2522 dicta
395 2473 521 2539 graviter
538 2473 645 2537 accepi,
665 2487 692 2523 v.
712 2469 747 2521 ad
767 2469 842 2523 Anu.
864 2477 892 2536 l,
913 2475 968 2536 67,
989 2475 1012 2525 1.
1032 2499 1069 2512 -
1087 2471 1209 2526 1111111111
1230 2475 1377 2527 vetenedo

169 2541 199 2594 id
217 2557 289 2595 vero
308 2559 368 2595 non
385 2539 553 2612 probabile,
588 2549 621 2592 ut
646 2541 678 2594 in
706 2559 765 2597 uno
793 2561 926 2600 sermone
945 2545 1051 2597 eusdem
1071 2560 1168 2598 causas
1188 2547 1377 2617 repetiverint

167 2615 244 2685 Lips.
284 2615 364 2668 Hinc
384 2613 438 2666 ille
458 2621 486 2666 et
505 2616 578 2666 Mur.
599 2614 686 2668 verba
706 2619 750 2668 uel
766 2617 870 2669 easdem
890 2617 1013 2670 delenda
1031 2617 1178 2686 putabant.
1216 2623 1377 2684 easdem,s

165 2690 306 2749 diuersos,
334 2687 382 2741 sed
393 2687 550 2758 probabiles
569 2695 598 2741 et
616 2689 738 2742 devoras
757 2707 806 2742 uec
823 2691 947 2750 eusdem,
978 2691 1026 2743 sed
1039 2709 1082 2760 pr.
1104 2692 1181 2744 coni.
1201 2693 1305 2747 Orell.
1331 2707 1377 2765 qun

165 2759 1377 2908 :tetis‘fitistitttl'i‘ite:dementissimi

168 2923 224 2974 que
243 2909 368 2959 fonnem
386 2912 500 2956 tantum
520 2913 549 2958 et
567 2905 658 2956 animi
684 2915 713 2960 et
735 2909 849 2982 ingenii
867 2909 911 2961 sui
930 2909 1151 2980 exprimendam
1171 2919 1318 2978 curaret)
1337 2929 1368 2967 co

168 2977 303 3031 Doederl.
333 2978 364 3029 in
389 2979 486 3029 Museo
512 2977 604 3030 Rhen.
633 2982 665 3044 3,
697 2985 720 3034 1.
747 2997 775 3050 p.
796 2985 838 3038 111.
866 2989 896 3034 11
920 2983 1042 3038 diuersus
1069 3001 1118 3038 nec
1144 3002 1190 3039 ecs
1209 2989 1375 3057 improbate

167 3051 270 3104 ileum.
310 3050 386 3103 Cave
405 3049 562 3118 quicquam
581 3059 692 3104 euntes:
721 3053 800 3123 Aper
819 3061 847 3108 et
867 3055 1014 3110 Maternus
1032 3057 1173 3118 diversos,
1204 3057 1377 3115 Maternus*

168 3123 287 3177 Messala
306 3139 389 3192 saepe
408 3121 513 3175 easdem
531 3141 629 3176 causus
649 3134 805 3196 corruptae
825 3127 1010 3197 eloquentiae
1028 3126 1168 3197 efferunt,-
1192 3130 1284 3187 Brot.
1307 3136 1369 3204 Bip.

171 3197 218 3249 ot.
256 3195 397 3248 Homines
416 3193 491 3248 varii
509 3193 611 3248 iudicii
630 3197 736 3262 (enimi
756 3207 782 3251 et
801 3201 923 3272 ingenii)
951 3201 1071 3256 eandem
1097 3221 1162 3256 rem
1187 3206 1290 3261 modo
1320 3209 1368 3260 div

167 3269 219 3334 sis,
245 3267 330 3320 modo
350 3265 453 3320 iisdem
473 3269 652 3343 argumentis
673 3270 830 3326 defendere
850 3281 879 3327 et
896 3283 1017 3346 possunt
1036 3283 1065 3329 et
1082 3274 1185 3330 solent.
1204 3305 1253 3320 ·-
1274 3277 1376 3350 dumj

166 3359 242 3396 mam
262 3339 416 3409 (indolem)
434 3345 481 3394 sui
498 3347 559 3411 quis
577 3359 609 3395 ue
627 3349 653 3395 et
669 3348 764 3398 animi
780 3353 808 3397 et
825 3350 936 3419 ingenii
953 3349 1091 3410 redderet,
1110 3349 1325 3420 exprimerem
1352 3353 1376 3408 Ι

166 3433 194 3468 v.
216 3413 251 3466 ad
270 3412 340 3498 Agr.
361 3417 406 3469 16.
428 3431 455 3467 n.
476 3418 502 3470 3.
522 3361 669 3484 afflreutes
680 3415 811 3484 somnam
826 3421 1067 3476 1011111111.-
1085 3423 1183 3475 s's’sdem
1201 3433 1376 3496 numerisp

165 3505 263 3558 sequor
280 3485 372 3552 ducta,
406 3486 458 3538 suls
484 3488 648 3542 nominibus
666 3489 711 3542 sin
754 3491 870 3558 lorum3
901 3493 971 3547 Erre.
1009 3494 1103 3548 Immo
1127 3495 1238 3554 eadem
1262 3503 1376 3556 concio

167 3569 225 3613 tate
244 3559 385 3614 orationis
405 3565 435 3611 et
457 3557 609 3626 dictionis,
639 3561 744 3615 Selius.
783 3563 919 3619 Numerus
940 3583 1006 3627 non
1034 3567 1121 3621 modo
1141 3577 1183 3622 est
1204 3575 1337 3642 ῥυθμός
1354 3595 1376 3644 pt

166 3643 261 3686 tarum
281 3639 310 3684 et
328 3638 425 3706 gestus
445 3639 595 3703 motusque
614 3641 710 3689 certus
738 3643 766 3689 et
791 3639 950 3692 concinnus
976 3637 1157 3694 histrionum
1176 3627 1285 3716 utque¹
1307 3631 1376 3702 salta

167 3723 249 3771 rum,
271 3703 320 3757 sed
340 3703 428 3757 etiam
449 3705 632 3759 concinnitas
651 3717 811 3763 oratorum.
850 3711 893 3765 De
922 3711 983 3764 illis
1007 3713 1137 3766 numeris
1166 3731 1194 3766 v.
1230 3719 1319 3774 Em,
1352 3721 1376 3776 cl

167 3778 249 3842 Cic,
284 3777 319 3829 de
342 3776 399 3830 hoc
425 3775 485 3830 Cic.
515 3793 557 3831 or.
582 3781 625 3833 5².
653 3782 689 3836 57
706 3787 801 3838 -61,
829 3782 866 3837 da
889 3800 932 3838 or.
959 3789 995 3850 3,
1018 3787 1063 3840 13.
1083 3789 1191 3849 11151.
1221 3795 1278 3849 58.
1314 3793 1376 3851 6οΝ

166 3849 288 3917 Quintil·
307 3853 344 3912 9.
363 3853 395 3916 t,
415 3851 451 3904 15
466 3865 507 3918 sq.
540 3855 753 3919 etto,1,7o.
791 3855 868 3908 Hine
890 3861 1064 3911 armemur
1086 3861 1213 3915 Asinius
1247 3883 1277 3920 0.
1300 3869 1351 3926 25.
1375 3851 1376 3924 1

167 3923 202 3976 ad
220 3939 283 3992 cap.
302 3923 346 3978 32.
366 3939 394 3974 n.
414 3925 440 3978 2.
460 3951 497 3962 -
531 3923 678 3994 iisdemque
696 3931 852 3983 rationibus
871 3929 934 3984 edd.
961 3929 1040 4000 lips.
1065 3939 1171 4002 poster.
1204 3935 1315 3994 Rern.
1338 3941 1376 4002 Gi

166 3995 203 4048 al.
224 3997 323 4048 iisdem
350 3997 508 4049 rationibus
532 3995 593 4049 edd.
615 3995 681 4051 seh.
703 3999 751 4053 ob.
778 4001 869 4056 Bekk.
896 4003 968 4056 hin.
998 4005 1146 4076 iisdemque
1164 4018 1373 4070 orationes„

165 4069 266 4130 Faru.)
285 4066 347 4121 edd.
368 4073 439 4120 vett.
459 4075 488 4121 et
507 4069 584 4138 Lips.
605 4070 727 4139 priores.
765 4073 850 4127 Hanc
878 4075 947 4129 lect.
974 4083 1035 4129 tota
1058 4077 1209 4134 sententia
1234 4088 1367 4164 flagitat

166 4141 230 4194 dieo
250 4141 363 4196 oronte
409 4139 537 4194 Eandem
562 4151 749 4218 propugnant
773 4146 855 4202 Osan.
886 4156 914 4202 et
938 4148 1029 4202 Orell.
1068 4151 1126 4204 1111
1150 4153 1273 4212 iisdem
1307 4183 1375 4216 ‚mm

165 4215 311 4283 iisdemque
330 4215 502 4266 orationihus
520 4213 596 4265 dicta
616 4223 698 4284 putat
726 4233 780 4286 pro
807 4221 898 4274 eodem
923 4221 1051 4292 rdytdmo
1077 4231 1107 4276 et
1131 4227 1208 4279 stilo
1233 4235 1298 4289 vel
1361 4255 1375 4292 ῃ

165 4285 292 4339 dicendi.
332 4286 389 4338 Mle
407 4283 479 4337 haee
497 4289 664 4340 annotavit:
684 4291 856 4354 „Poteratne
875 4311 946 4348 vero
965 4293 1098 4362 Tacitus,
1120 4313 1199 4366 quae
1226 4323 1248 4358 a
1272 4255 1375 4379 Ρμὲξς

164 4357 281 4412 tissimis
300 4357 360 4412 illis
378 4357 449 4410 viris
469 4359 631 4433 excogitata
650 4363 800 4418 subtiliter
818 4375 984 4437 acceperat,
1016 4383 1048 4422 aa
1076 4369 1101 4422 si
1130 4369 1262 4432 iterum
1289 4399 1375 4454 pem
