2792 4792
185 187 225 250 ss
543 171 720 237 LIBELhI
740 173 799 238 BE
820 171 1055 240 suumin
1166 117 1173 136 ·

185 346 371 424 (satagentes-a
389 341 435 409 V,
455 339 548 406 1012.)
569 339 704 408 aliisque.
741 335 800 392 891
825 337 1028 412 coniecturam
1054 335 1131 392 banc
1153 338 1281 410 primum
1298 340 1329 394 in

185 421 267 476 bium
285 413 546 484 vocavitcamper
569 411 708 478 (Oauvers
728 409 757 474 1,
777 411 853 477 300.)
874 417 911 477 Ι91
933 411 1023 480 plane
1050 409 1190 466 refutavit
1215 411 1320 468 Guvier

186 489 327 548 charchas
345 505 397 542 sur
414 487 457 540 les
475 500 619 540 ossemens
636 481 750 536 fossiles
768 482 857 538 Paris.
877 486 957 540 1823.
976 481 1009 536 Τ.
1031 482 1083 542 lv.
1112 483 1163 536 ubi
1185 483 1302 549 docuit,
1326 486 1366 541 11,

186 565 306 637 cyniam
324 561 430 616 silvam
447 557 616 610 immensae.
629 554 702 610 olim
728 554 944 629 magnitudinis
969 555 1076 623 fuisse,
1104 557 1145 620 (9.
1164 557 1202 610 91
1219 574 1244 610 c.
1263 560 1307 616 28.
1325 575 1351 609 9.

186 646 217 694 91
236 637 315 692 Gaas.
334 633 361 688 1.
381 632 463 696 (1.6,
480 631 541 696 25.)
560 635 623 682 919
643 626 772 682 Gestono
793 624 904 682 Phoebo
924 643 983 682 non
1003 627 1039 682 ad
1058 627 1172 684 radices
1185 627 1324 701 Pyrenaei

184 717 247 776 tus,
283 707 333 766 sed
358 705 390 758 in
414 701 589 766 itineribus,
622 716 677 770 per
700 699 866 764 Borussiam
897 707 926 754 91
959 697 1189 754 scandinaviam
1223 705 1341 758 91357,

185 777 387 843 messanis,
422 776 499 830 visos
525 780 681 844 captosque
704 769 793 824 fuisse
821 771 964 826 tarandos.
1010 770 1168 844 Apeliitis
1186 773 1310 828 restibus

184 855 267 908 mani
290 851 398 913 etiem,
433 854 468 900 ut
494 845 548 900 aiii
575 843 707 910 barbari,
736 842 879 898 dicuntur
899 847 1013 914 pelliti,
1045 847 1175 917 pelligeri
1192 855 1221 900 et
1236 834 1365 900 mastra'

184 926 285 982 Sidon.
312 921 409 993 Apoll.
427 924 461 988 7,
479 920 541 976 223.
570 934 615 988 ep.
634 919 671 984 1,
688 919 733 972 20.
752 919 789 983 7,
809 921 835 974 0.
861 917 1049 982 91199991.
1069 917 1189 974 Fortun.
1208 935 1300 990 poem.
1319 923 1352 984 9,

185 999 228 1056 (if.
249 997 285 1052 ad
303 996 340 1048 11.
359 998 388 1060 2,
407 995 452 1060 88,
470 996 498 1050 7.
525 987 636 1066 Eginh.
655 993 736 1060 Ι923.
769 989 872 1042 lustin.
891 991 964 1057 2„2.
994 989 1060 1047 sen.
1081 997 1179 1062 spoo.
1208 991 1345 1046 Ammian.

77 1093 83 1104 ·
183 1074 257 1138 25,
277 1070 372 1138 intpp.
405 1065 466 1120 019.
486 1061 521 1118 19
539 1078 624 1134 prov.
645 1078 724 1118 cons.
745 1078 770 1116 c.
790 1065 817 1120 7.
855 1061 1058 1126 119.23,10.
1090 1063 1336 1132 Ρ119.33,129.

183 1146 265 1200 Flos.
285 1145 318 1207 2,
336 1143 372 1204 6,
391 1139 435 1196 35.
464 1144 493 1191 91
521 1135 599 1206 inpr.
628 1131 1157 1206 1119191111991991191.3991999991
1179 1135 1282 1192 Gesch.
1303 1135 1327 1190 1
1345 1133 1376 1192 n

182 1217 253 1272 find.
273 1215 319 1279 V,
339 1215 382 1268 17.
419 1207 552 1268 Vorrath
576 1207 695 1262 kleiner
722 1207 861 1262 Anmerk
882 1207 915 1276 1,
935 1213 979 1264 11.
998 1227 1027 1282 p.
1046 1211 1091 1266 87.
1125 1209 1220 1264 Natus
1242 1249 1248 1264 .
1274 1209 1299 1264 d.
1317 1206 1377 1266 Alte

184 1291 279 1346 Goett.
299 1289 380 1344 1766.
399 1301 429 1356 p.
448 1287 484 1342 60
497 1299 539 1352 sq.
561 1284 621 1339 188.
642 1280 715 1335 iiber
734 1280 782 1334 die
800 1298 886 1336 vorn.
905 1279 1016 1338 Thiara
1036 1279 1085 1336 des
1104 1283 1184 1338 alten
1203 1229 1346 1338 1199199111.
1363 1269 1377 1338 il

181 1361 346 1438 Bischiogs
373 1355 519 1412 Abhaudl.
545 1372 574 1408 u.
598 1353 708 1410 Nachr.
739 1370 798 1410 von
824 1351 887 1408 und
919 1371 970 1412 aus
1001 1353 1145 1412 Russland
1170 1355 1300 1433 Regiom.
1323 1354 1378 1416 1761

181 1456 211 1510 Ρ.
230 1435 440 1578 6‘bapstis‘shirui
462 1505 541 1574 repas
564 1499 727 1568 Romanae,
758 1519 798 1556 sc.
825 1497 957 1556 Danubii
983 1507 1012 1558 91
1038 1497 1199 1574 praecipue
1224 1499 1337 1570 Rheni,
1365 1500 1379 1554 u

181 1583 397 1642 9232811.
427 1577 503 1630 Anu.
523 1578 577 1642 13,
595 1577 639 1632 51.
687 1573 766 1628 11199
784 1583 883 1630 noma
901 1579 967 1645 ripe
993 1571 1064 1648 Agr.
1083 1577 1130 1632 28.
1156 1575 1220 1644 (911
1238 1594 1267 1630 9.
1287 1583 1343 1630 not
1359 1575 1379 1628 5.

183 1665 213 1712 91
231 1665 348 1727 unoque
366 1655 431 1720 ripa
450 1649 485 1704 G.
496 1652 541 1705 37.
561 1664 600 1702 sc.
621 1643 731 1700 Rheni:
751 1665 819 1702 nam
838 1651 917 1704 911.
938 1647 1058 1718 Tacitus
1073 1647 1166 1702 dixit:
1186 1657 1220 1702 ut
1233 1651 1321 1720 poulo
1337 1646 1380 1702 ant

183 1729 265 1798 (inde
283 1745 299 1782 a
318 1743 343 1780 e.
362 1722 423 1794 28.)
441 1721 584 1786 11199999,
601 1724 642 1774 sie
658 1738 732 1774 99999
748 1721 910 1776 1199911999
927 1739 1034 1792 sequar.
1053 1749 1089 1760 -
1118 1723 1301 1794 negligenter,
1319 1719 1380 1774 9911

182 1803 299 1858 delectu
317 1807 493 1865 ornatuque,
513 1794 583 1864 quia
601 1796 763 1846 commercia
781 1793 889 1848 habent
907 1811 973 1848 cum
992 1792 1159 1863 provinciis
1177 1793 1260 1850 Rom.
1281 1793 1381 1861 ideoqu

181 1883 306 1928 utuntur
322 1869 449 1926 vestibus
467 1865 658 1932 melioribus,
692 1864 805 1932 laneis,
841 1866 931 1920 lineis
951 1873 980 1920 et
998 1865 1116 1934 sericis,
1148 1865 1185 1920 ad
1202 1867 1319 1922 modum
1336 1881 1381 1935 pro

181 1945 375 2008 vincialium;
410 1948 440 1994 at
458 1933 622 2002 ulteriores,
650 1937 824 2006 remotiores
843 1956 860 1991 a
878 1937 997 2004 Rheno,
1026 1935 1064 1990 ad
1081 1955 1153 2008 quos
1169 1948 1326 2010 penetrare
1342 1953 1382 1990 nos

182 2018 290 2074 audent
307 2021 484 2070 mercatores
502 2030 538 2067 ex
556 2011 644 2064 ltalia
662 2009 828 2077 Galliisve,
848 2014 889 2075 (9,
911 2011 947 2066 91
964 2009 1041 2064 Ann.
1060 2013 1088 2076 2,
1106 2013 1153 2076 21,
1167 2010 1212 2084 2.)
1231 2015 1382 2086 exquisitius

182 2091 253 2161 quia
272 2085 485 2144 9111999911199
504 2091 619 2148 carent,
651 2101 702 2154 per
719 2087 882 2138 commercia
900 2083 1044 2154 receptis,
1080 2089 1109 2138 91
1131 2103 1238 2162 magna
1263 2083 1383 2158 spudeo

180 2165 312 2220 ferarum
330 2160 416 2230 copia
434 2166 491 2225 est,
511 2173 635 2227 quarum
652 2155 745 2226 pelles
763 2173 859 2228 neque
878 2153 1006 2210 vendere
1024 2163 1153 2225 possunt,
1173 2175 1270 2228 neque
1287 2174 1383 2230 pennu

181 2244 255 2300 tare,
273 2239 381 2310 gerunt
398 2231 505 2284 harum
523 2229 627 2300 pelles,
647 2227 679 2280 in
698 2228 806 2282 vestitu
823 2229 953 2300 pelliceo
972 2229 1077 2282 cultum
1097 2239 1246 2300 artemque
1267 2229 1384 2284 adhibeo

181 2317 224 2364 tes
252 2315 281 2364 et
307 2309 438 2377 eligentes
465 2301 521 2355 sibi
550 2300 675 2371 optimas
701 2300 796 2371 pelles
824 2309 853 2354 et
883 2299 1108 2372 pulcherrimas.
1157 2303 1203 2356 Ita
1227 2303 1348 2378 Lougoi.
1371 2317 1384 2352 9

182 2381 242 2436 iam
260 2386 328 2434 ante
347 2395 414 2433 eum
434 2373 570 2445 Lipsius,
591 2372 643 2443 qui
662 2380 744 2428 recte
760 2371 791 2427 h.
811 2373 831 2428 1.
852 2371 1022 2446 repudiavit
1040 2373 1285 2446 transpositiones
1304 2373 1385 2430 verbo

182 2471 257 2508 rum.
296 2453 340 2508 ci.
360 2450 439 2506 Caes.
458 2447 484 2502 b.
506 2445 542 2500 G.
560 2449 597 2512 1,
616 2449 643 2502 2.
664 2452 693 2500 et
710 2449 737 2502 3.

251 2525 278 2581 5.
314 2525 436 2595 Eligsmt
451 2518 550 2590 feras,
582 2518 660 2588 inps.
687 2517 804 2589 vulpes,
837 2527 983 2586 castores,
1009 2519 1103 2574 lutras
1122 2527 1152 2574 et
1169 2535 1283 2588 mures,
1319 2515 1385 2574 etde

182 2607 279 2656 199919
296 2600 436 2652 setaniae
453 2599 594 2664 speugunt
610 2593 727 2644 maculis
741 2593 913 2664 pellibusque
932 2593 1091 2656 beluarum,
1126 2589 1273 2646 lutrarum
1298 2591 1385 2664 phoca

181 2687 306 2740 rumque
324 2689 347 2724 s.
367 2667 529 2722 vitulorum
547 2663 739 2718 marinorum.
760 2664 803 2720 Gi.
823 2673 894 2720 uota
910 2669 937 2722 3.
958 2673 987 2722 91
1005 2663 1164 2740 Nibelung.
1184 2683 1211 2718 v.
1231 2665 1385 2722 11651175

182 2745 342 2806 estunam,
360 2749 394 2796 ut
411 2743 497 2804 1999,
515 2739 617 2800 brace,
636 2739 737 2790 mulus
756 2737 790 2790 in
809 2737 960 2810 antiquiss.
980 2737 1057 2812 MSS.
1094 2739 1213 2792 merulis
1227 2737 1385 2812 pellibusque

181 2816 337 2872 maculatis
354 2813 503 2884 pellibus,
530 2818 688 2881 spargunt,
714 2807 745 2864 h.
765 2827 790 2864 9.
811 2809 948 2864 detractis
967 2812 1097 2867 ferarum
1115 2809 1311 2866 velaminibus
1330 2827 1384 2862 assu

182 2897 239 2943 unt
256 2907 277 2942 s.
297 2892 457 2942 annectunt
496 2882 567 2936 elles
585 2881 738 2934 beluarum
756 2882 937 2936 marinarum
955 2882 1078 2952 sparsim
1096 2883 1264 2938 maculatas.
1307 2883 1347 2937 01.
1366 2899 1385 2933 as

183 2979 208 3016 c.
226 2965 253 3018 7.
273 2977 301 3013 9.
321 2961 347 3016 6.
376 2965 406 3011 91
433 2901 498 3010 191.
519 2955 581 3038 111..
603 2971 631 3006 v.
649 2953 840 3026 Hendiodpoiu
860 2961 889 3010 et
908 2955 1046 3026 syllepsis.
1083 2953 1255 3022 „Varietate
1275 2956 1385 3010 coloruo

182 3035 332 3088 laetantur
350 3046 448 3084 omnes
466 3025 592 3080 barbara.
630 3025 702 3080 1919
721 3027 864 3082 Germani
882 3045 897 3082 9
916 3026 1097 3082 diversarum
1112 3027 1265 3083 beluarum
1280 3027 1385 3100 peliibu

183 3105 313 3160 diversas
331 3101 456 3156 lacinias
475 3097 645 3165 assuebant,
656 3161 659 3168 ,
671 3107 700 3154 et
718 3099 813 3154 adhuc
831 3107 970 3172 septentr.
989 3099 1111 3171 populi,
1140 3103 1177 3156 les
1199 3101 1385 3160 Groenlanlois

185 3181 223 3233 les
241 3177 435 3248 Esquimauu,
459 3171 597 3224 barbarae
622 3179 754 3225 veterum
773 3171 988 3227 Germanorum
1007 3173 1168 3244 reliquiae,
1194 3171 1385 3228 tricheeorum

219 3250 347 3314 inanum,
366 3247 512 3302 lutrarum
530 3242 748 3314 phocuumqus
759 3243 887 3316 pellibus
902 3245 1077 3300 vestiuntur.
1116 3245 1176 3300 Nos
1190 3247 1315 3318 quoque,
1334 3246 1384 3297 lice

184 3322 365 3398 cogentius,
393 3317 482 3372 nivea
503 3315 633 3368 murium
652 3317 840 3372 Ponticorum
868 3317 982 3372 vellera
1005 3315 1100 3392 nigris
1119 3335 1262 3395 agnorum
1282 3317 1384 3372 maculi

184 3393 348 3467 spargimus
368 3399 398 3448 et
414 3389 625 3464 9991999999.η
643 3390 721 3442 Brut.
742 3387 784 3444 Gf.
803 3398 874 3446 nota
889 3383 920 3464 35'
952 3389 1097 3454 ,Maeuiae
1112 3393 1247 3464 pellesque
1265 3389 1385 3446 beluosus

183 3484 238 3539 pro
256 3467 381 3520 maculae
398 3483 412 3516 e
430 3465 572 3516 beluarum
587 3463 705 3530 pellibus
724 3459 890 3532 consectae.''
916 3461 1023 3518 Paeane.
1058 3463 1110 3533 qui
1134 3463 1171 3518 19
1189 3461 1385 3534 hocloquend

224 3556 294 3594 nere
313 3537 430 3608 copiose
450 3541 641 3602 accurateque
660 3535 753 3610 agisse
771 3533 1385 3608 119110191911919999991.1199115411

184 3557 367 3674 111919991,
397 3607 558 3680 particulas
577 3615 623 3669 et,
647 3627 698 3670 99,
725 3628 777 3680 que
801 3609 915 3678 saepius
934 3609 1107 3680 ἐξηγητικοῖς,
1136 3609 1315 3679 explicatius
1332 3625 1385 3680 pon

184 3700 240 3812 pro
258 3683 309 3738 199
326 3691 382 3745 991,
400 3699 511 3750 nempe,
530 3681 650 3744 scilicet,
668 3685 819 3746 nimirum,
846 3681 1016 3754 etquidem,
1040 3683 1133 3753 isque,
1159 3681 1241 3757 eoque
1260 3689 1314 3736 cet.
1359 3681 1385 3732 11.

213 3775 261 3810 99.
281 3757 361 3820 1,2.
380 3759 424 3810 10.
442 3758 487 3812 20.
506 3755 550 3808 32.
569 3755 613 3807 10.
640 3755 737 3820 2,11.
763 3759 800 3820 3,
820 3757 845 3808 1.
863 3755 908 3812 28.
932 3758 976 3810 111.
1001 3757 1033 3822 1,
1052 3759 1078 3811 3.
1104 3755 1198 3818 6,31.
1219 3757 1264 3811 18.
1290 3755 1385 3820 13,11

184 3833 240 3896 11,
259 3829 303 3884 51.
333 3827 371 3881 11.
390 3831 423 3894 1,
442 3830 470 3884 7.
489 3829 522 3890 3,
542 3827 585 3880 16.
606 3827 642 3890 1,
661 3826 706 3882 53.
725 3829 770 3884 61.
806 3823 875 3900 Agr.
895 3827 940 3882 17.
978 3824 1027 3882 sic
1046 3835 1075 3882 91
1093 3825 1143 3882 Gr.
1163 3831 1216 3884 eal.
1241 3845 1268 3880 9.
1290 3825 1383 3900 Kriige

185 3901 224 3956 ad
240 3898 370 3971 Xenoph.
390 3898 471 3952 anab.
493 3901 525 3964 1,
544 3899 580 3960 5,
599 3900 625 3952 8.
644 3926 680 3938 -
711 3903 832 3953 ututur
861 3899 983 3970 Oceanus
1010 3910 1092 3972 atque
1110 3903 1238 3972 ignotum
1256 3919 1351 3961 mare,
1374 3915 1385 3948 t

185 3973 223 4026 ad
241 3989 267 4028 9.
286 3980 311 4029 1.
331 3991 360 4026 9.
379 3973 405 4028 2.
442 3970 575 4024 Exterior
596 3969 626 4022 0.
652 3969 671 4024 1.
693 3987 717 4024 9.
738 3971 868 4028 exterior
886 3989 953 4057 pars
973 3971 1097 4028 Oceani:
1116 3991 1183 4028 nam
1202 3972 1260 4027 alio
1280 3987 1385 4028 sensus

185 4046 358 4174 sumqserilsv,
377 4061 449 4170 νοΐ
468 4043 598 4184 91599919Ι
611 4043 660 4095 991
678 4043 832 4134 molestum
838 4043 1129 4172 ἰ9Ξιιῖ1ω111991199199
1150 4043 1278 4178 {qm}
1339 4123 1350 4168 t

277 4156 284 4172 .
349 4136 377 4170 99
401 4133 474 4170 aus
514 4133 611 4168 emensa
656 4135 720 4170 uem
745 4135 813 4170 nerse
893 4137 905 4170 ι
937 4137 968 4182 9,
1004 4135 1068 4170 9.9
1107 4135 1130 4171 c.
1188 4138 1242 4172 ,9.
1279 4155 1286 4170 .
1324 4134 1337 4169 9
1368 4133 1385 4166 a*

184 4189 262 4244 Anu.
283 4195 318 4255 1,
338 4193 389 4257 10,
410 4195 454 4244 11.
474 4217 511 4228 -
539 4191 596 4242 uisi
619 4133 693 4258 9191
700 4187 826 4260 sustinere
842 4197 958 4262 saepius·
977 4208 1063 4260 quam
1081 4190 1142 4244 viri
1160 4195 1241 4248 lineis
1259 4189 1385 4244 amictibu

185 4266 330 4326 admetus,
364 4263 400 4314 cf.
420 4261 494 4314 Plin.
515 4263 568 4325 19,
589 4265 613 4316 1.
636 4281 655 4314 s.
676 4263 701 4315 2.
741 4261 860 4318 Diodor.
881 4266 915 4330 5,
934 4269 978 4322 30.
1009 4270 1037 4316 91
1057 4261 1208 4318 Claudiam
1230 4265 1263 4318 in
1281 4263 1385 4329 Eutro}

184 4337 298 4400 2,183.
319 4334 424 4388 Paulus
442 4334 525 4387 Diac.
546 4336 582 4400 1,
598 4339 626 4392 7.
647 4335 718 4404 (23.)
750 4335 785 4390 19
808 4335 882 4390 viris
900 4344 929 4392 et
947 4335 1159 4412 Langobardis:
1187 4339 1385 4394 aestimantes
