2770 4792
180 173 262 296 2601
594 225 843 292 AGlllCOLAE
864 227 986 294 VITA.

181 399 244 468 pias
262 395 351 450 robur
369 392 450 464 qussi
470 394 616 448 exercitus
636 393 793 448 efficientes
811 393 882 448 lines
902 393 1018 464 imperii
1044 401 1211 450 tutarentur
1228 395 1377 464 provincias

183 487 239 540 que
258 485 358 523 recens
376 466 515 520 subiectas
533 467 656 536 ideoque
675 469 771 520 minus
789 467 859 520 fidas
877 467 908 518 in
926 467 1062 536 obsequio
1081 469 1251 522 retinerent.
1288 468 1377 522 1111111

184 545 250 597 dem
277 542 349 594 loeis
373 547 467 610 patet,
496 540 665 593 vexillarios
693 540 815 614 singulis
834 539 996 613 legionibus
1014 542 1103 594 luisse
1121 541 1288 603 adiunctos,
1318 547 1341 592 et
1357 557 1377 591 es

183 616 256 668 Anu.
276 620 309 680 3,
328 616 372 669 21.
402 629 449 666 eos
474 612 702 688 quingentorum
726 613 854 666 militum
872 629 1027 666 numerum
1046 613 1214 683 explevisse.
1253 613 1295 666 Cf.
1314 612 1377 665 rerba

182 686 316 744 Walchii
335 685 370 738 ad
388 684 458 760 Agr.
478 701 506 754 p.
525 687 580 740 250
589 702 630 753 sq.
656 704 728 754 quae
753 701 840 755 supra
868 683 1058 738 laudavimus.
1096 685 1153 739 Sed
1172 686 1221 738 ubi
1239 701 1309 755 opus
1327 691 1377 737 erat

183 760 308 813 seiuncti
327 757 414 812 etiem
433 775 449 810 a
467 757 632 830 legionibus
651 759 708 810 suis
727 766 813 825 atque
832 773 1038 826 nonnunquam
1058 775 1073 811 e
1092 759 1225 828 pluribus
1243 757 1377 832 legionibus

183 833 213 884 in
232 850 323 884 unum
342 829 422 898 qirasi
440 845 544 898 corpus
574 830 716 884 contracti
739 831 770 882 in
788 830 885 884 varios
904 829 977 882 belli
995 848 1061 883 usus
1079 829 1203 883 adhibiti
1221 848 1280 884 esse
1300 829 1377 881 viden

182 913 240 956 tur.
279 905 314 956 ln
333 901 498 976 legionibus
516 901 566 954 ubi
584 904 723 978 agebant,
742 901 867 976 singulis
885 919 985 956 earum
1004 901 1171 956 cohortibus
1191 903 1333 956 immixtos
1350 917 1377 953 eo

182 977 269 1030 fuisse
289 975 394 1028 coniici
414 973 486 1026 lieet
504 991 540 1028 ex
557 975 592 1026 H.
612 979 644 1042 3,
666 979 756 1032 621.
777 975 846 1028 coll.
866 977 900 1040 2,
921 979 964 1030 11.
984 979 1028 1031 96.
1049 992 1084 1028 ex
1103 975 1207 1044 quibus
1225 975 1299 1030 locis
1316 973 1377 1027 etian

184 1048 286 1124 colligi
311 1053 421 1118 potest,
449 1047 603 1116 praetoriis
630 1066 746 1118 quoque
770 1046 935 1101 cohortibus
960 1045 1131 1101 vexillarios
1148 1048 1236 1102 fuisse
1254 1047 1377 1099 adiuncto

183 1137 288 1188 eosque
305 1129 447 1172 ueteranos
465 1120 626 1188 appellari,
645 1129 677 1174 ut
696 1121 769 1172 Ann.
790 1125 820 1185 1,
844 1123 887 1177 26.
907 1124 952 1176 39.
990 1119 1116 1174 Eosdem
1135 1119 1306 1173 vexillarios
1324 1125 1377 1170 rect

181 1197 302 1246 fortasse
320 1191 453 1245 habueris
472 1193 656 1264 subsignanos
674 1196 780 1246 milites
800 1193 836 1246 H.
857 1197 888 1257 1,
909 1196 952 1248 70.
973 1195 1009 1258 1,
1029 1197 1074 1248 33.
1113 1192 1213 1245 Lirim
1231 1191 1305 1244 dicit
1322 1191 1377 1255 8,t

182 1266 300 1318 triarios
319 1264 370 1316 sub
382 1264 472 1340 signis
485 1280 558 1318 esse:
577 1265 688 1319 hastati
706 1274 734 1317 et
747 1269 892 1336 principes
910 1271 1153 1337 antesignani
1169 1273 1321 1324 occantur,
1339 1265 1377 1334 qui

182 1339 230 1392 sub
248 1342 337 1409 signis
355 1342 412 1390 inm
430 1339 483 1390 alii
500 1336 556 1390 XV
570 1339 677 1393 ordines
696 1339 864 1392 locabantur.
882 1367 919 1380 -
944 1336 1068 1392 Primum
1085 1339 1215 1391 vexillum
1233 1337 1326 1404 (idem
1344 1333 1377 1408 igi

182 1419 232 1462 tur
249 1409 394 1484 significat
411 1416 524 1480 signum
543 1418 572 1464 et
589 1413 730 1476 ossillum)
751 1409 881 1470 triarios,
899 1410 1013 1464 meabat
1038 1418 1237 1469 ueteranum
1253 1413 1377 1464 militet

181 1490 366 1552 spectatae
394 1487 568 1544 virtutis,
592 1485 738 1538 secundum
756 1489 900 1550 rorarios,
930 1487 1046 1538 tertium
1073 1501 1208 1538 accensos.
1231 1511 1262 1524 -·
1302 1483 1377 1540 raus

180 1557 242 1608 sub
259 1557 411 1608 uexillis
428 1555 610 1610 comidebant.
648 1556 836 1610 simillimam
862 1557 930 1610 inde
956 1556 1132 1608 triariorum
1156 1564 1293 1610 veterum
1312 1564 1340 1608 et
1356 1569 1377 1606 11

179 1627 364 1681 xillariorum
391 1647 412 1680 s.
436 1627 677 1702 subsignanomm
704 1629 790 1684 huius
819 1629 917 1683 aetatis
942 1629 1085 1682 rationem
1108 1629 1320 1699 perspicimus:
1357 1641 1377 1680 st

180 1717 250 1753 cave
268 1700 440 1752 triariorum
467 1700 532 1754 ideo
558 1711 641 1772 putes
660 1703 828 1756 vexillarios
848 1701 973 1770 speciem
992 1701 1123 1754 reddere.
1144 1719 1171 1754 v.
1192 1701 1229 1753 ad
1246 1701 1285 1752 H.
1306 1703 1341 1764 1,
1359 1703 1377 1752 31

180 1772 367 1840 subsignatum
401 1779 520 1842 praeter
549 1775 684 1827 Tacitum
720 1775 797 1844 apud
835 1791 925 1826 unum
953 1772 1139 1826 Ammianum
1170 1775 1255 1825 Marc.
1295 1773 1377 1828 insen

179 1851 229 1896 tur
246 1844 416 1898 Forcelliuo
434 1853 522 1911 teste,
542 1847 593 1898 sed
610 1845 688 1898 nihil
707 1847 778 1900 inde
798 1847 872 1900 lucis
892 1845 1052 1900 affunditur
1070 1845 1165 1899 Taciti
1183 1846 1268 1898 locis.
1290 1873 1328 1886 -
1348 1841 1377 1908 ll

178 1925 237 1970 ctos
253 1937 276 1970 s.
295 1918 425 1976 delectm,
445 1917 496 1986 qui
513 1916 592 1971 haud
610 1935 675 1972 raro
695 1937 711 1970 a
729 1919 828 1972 Tacito
849 1926 1125 1981 commemorantur,
1145 1917 1209 1972 noli
1228 1935 1299 1970 cum
1319 1909 1377 1980 vexi

179 1989 260 2044 lariis
279 1988 467 2042 conhsndere.
506 1991 688 2062 Praepostera
709 2009 777 2046 sane
796 2008 829 2044 ao
848 1991 1005 2044 temeraria
1017 1991 1143 2044 liertelii
1162 1991 1194 2044 in
1214 2007 1280 2044 exc.
1302 1988 1377 2042 ad'lt

179 2059 248 2136 Agr.
269 2062 500 2136 argumentatio:
519 2080 577 2127 „ex
597 2064 696 2117 electis
712 2058 809 2117 'novae
828 2063 961 2118 cohortes
980 2063 1101 2116 fiebant:
1125 2063 1161 2116 iis
1186 2063 1338 2116 vexillum
1365 2059 1377 2124 1

180 2141 256 2196 111111
283 2133 434 2198 (hactenus
461 2141 540 2188 recte
563 2133 662 2202 habet)
692 2137 750 2205 ipsi
777 2137 849 2189 dicti
869 2135 1046 2190 vexillarii.''
1083 2135 1163 2188 Alios
1180 2151 1307 2205 prorsus
1325 2133 1377 2184 fuis

180 2205 361 2271 vexillarios,
382 2206 456 2259 alios
476 2207 597 2273 electos,
619 2208 669 2276 (so.
690 2226 725 2261 ex
744 2209 780 2262 iis
799 2209 850 2278 qui
870 2209 999 2262 nondum
1020 2209 1201 2261 exauctorati
1222 2212 1329 2268 erant,
1350 2202 1377 2268 si}

178 2277 335 2352 legionarii
355 2285 454 2345 erant,
473 2278 533 2332 sive
552 2281 720 2345 auxiliares)
740 2282 849 2351 optime
867 2281 1046 2352 perspicitur
1073 2299 1107 2332 ex
1126 2281 1162 2328 li.
1182 2278 1218 2338 2,
1238 2279 1325 2342 10⁰„
1354 2273 1377 2328 ti

179 2350 302 2402 tissimus
322 2367 391 2404 vero
410 2351 472 2404 desi
515 2353 574 2416 ari,
603 2353 981 2419 11111111.1,73.15,26.
1011 2350 1046 2402 H·
1075 2351 1233 2413 113161-
1259 2351 1377 2412 315111

178 2425 222 2478 35.
242 2425 287 2477 77.
311 2422 345 2476 G.
367 2425 429 2478 13.”
469 2367 523 2476 fils
542 2426 692 2478 sententiis
712 2426 747 2480 de
765 2427 883 2480 nomine
903 2434 931 2480 et
950 2425 996 2478 ori
1020 2423 1069 2476 ine
1097 2420 1330 2474 vexillariorum
1353 2423 1377 2472 si

178 2493 323 2618 impende
346 2495 399 2548 illa
424 2495 563 2550 Waltberi
585 2498 621 2550 ad
646 2497 720 2553 Ann.
746 2505 783 2565 ’1,
810 2503 855 2555 38.
889 2497 1003 2551 Boettio
1027 2495 1140 2548 11111111
1165 2491 1273 2546 similis
1309 2502 1339 2547 et
1371 2487 1377 2558 l

177 2582 231 2620 ver
250 2567 273 2619 is
297 2569 460 2638 proposita:
498 2570 607 2636 „Vetus
632 2572 689 2622 fuit
712 2572 908 2625 Romanorum
933 2569 1113 2633 institutum,
1138 2573 1172 2617 ut
1197 2573 1328 2636 praeter
1345 2561 1377 2624 X]

177 2639 342 2710 inanipulos
362 2641 486 2716 legionis
504 2642 536 2694 in
555 2643 682 2697 subsidio
702 2644 762 2697 eius
782 2645 914 2697 adessent
932 2643 991 2694 1111
1008 2640 1128 2694 uexilla.
1166 2638 1308 2690 Primum
1330 2639 1377 2708 dut

178 2711 226 2764 bat
243 2711 380 2777 triarios,
407 2721 578 2768 veteranum
601 2716 728 2769 militem
750 2724 894 2785 spectatae
911 2714 1051 2776 virtutis3
1080 2710 1238 2764 secundum
1269 2712 1377 2778 roras-i

178 2785 272 2836 minus
291 2785 402 2838 roboris
427 2793 519 2840 aetate
537 2789 698 2856 lactisque3
727 2789 847 2841 tertium
867 2803 1016 2851 accensos,
1044 2785 1184 2837 minimae
1203 2782 1343 2838 fiduciae
1365 2799 1377 2852 n

177 2873 256 2908 111111.
268 2875 295 2909 r.
307 2857 371 2909 hir.
382 2861 410 2921 11,
420 2859 446 2911 8.
467 2859 529 2910 lem
542 2859 913 2927 triariorum,rorariorum
926 2867 956 2912 et
968 2873 1158 2912 accensorum
1172 2872 1270 2923 aeque
1285 2875 1325 2909 ac
1340 2863 1377 2926 pn

178 2928 276 2998 cipum
296 2935 325 2980 et
342 2927 520 2982 hastatorum
538 2931 678 2984 vocabula
697 2941 797 3002 postea
815 2934 1019 2995 aboleverunt3
1047 2929 1159 2984 vexilla
1176 2935 1284 2982 tamen
1306 2933 1377 3000 sua}

200 2999 313 3054 ionibus
338 3018 491 3067 mansere,
520 3003 571 3056 sub
595 3004 700 3072 quibus
725 3013 845 3074 praeter
872 3005 945 3056 XXX
963 3003 1126 3072 inanipulos
1145 3017 1323 3070 eorumque
1344 3003 1368 3054 s'

177 3017 333 3125 baberetur
356 3072 530 3132 subsidiaria
559 3077 697 3144 quaedam
724 3077 875 3150 legionum
899 3094 1008 3146 manus.
1058 3075 1097 3127 Hi
1123 3081 1189 3126 suut
1212 3015 1377 3130 vexillarii

176 3147 277 3203 vexilla
303 3148 463 3215 legionum,
492 3147 593 3215 quibus
621 3149 745 3204 adscribi
774 3151 903 3204 solebant
930 3147 1063 3203 veterani
1089 3147 1290 3227 exauctorati.
1337 3151 1377 3206 ln

177 3217 251 3269 olim
270 3216 346 3287 apud
363 3218 473 3272 vexilla
491 3221 586 3274 suerat
606 3229 760 3275 veteranus
779 3224 865 3276 miles
884 3231 1027 3292 spectatae
1050 3219 1183 3282 virtutis,
1212 3225 1360 3274 testante
1376 3245 1377 3284 1

177 3288 226 3341 rio
245 3289 265 3342 l.
287 3290 307 3342 l.
345 3289 390 3342 An
400 3290 524 3365 Augusti
543 3301 572 3345 et
591 3311 650 3362 seq.
673 3301 805 3364 tempore
824 3303 943 3364 praeter
960 3302 1111 3347 veteranos
1131 3298 1360 3348 exauctoratos
1376 3307 1377 3356 l

178 3361 265 3414 etiam
285 3362 396 3416 milites
414 3363 449 3416 ad
468 3364 578 3418 vexilla
597 3366 812 3435 pertinuerint,
842 3385 928 3421 nemo
957 3364 1105 3420 tradidit?
1141 3365 1217 3416 llaec
1240 3369 1377 3426 conieci

177 3441 219 3488 est
237 3433 413 3503 probabilis,
433 3445 467 3489 ut
486 3445 514 3490 et
534 3437 588 3490 illa
607 3437 743 3493 Walchii
763 3447 791 3492 et
805 3438 985 3494 Boetticheri
1004 3439 1039 3491 de
1058 3455 1112 3488 usu
1131 3435 1377 3498 vexillarios-uu

176 3523 306 3559 numero.
1376 3555 1377 3570 .

246 3583 272 3632 1.
312 3582 343 3632 in
361 3599 476 3652 aequum
496 3581 612 3646 locum,
632 3599 784 3654 campum,
805 3587 845 3648 (1.
867 3583 902 3636 sd
920 3583 995 3636 Anu.
1023 3587 1060 3646 2,
1080 3585 1130 3648 83,
1149 3583 1190 3644 2.)
1209 3581 1353 3653 degredi
1375 3603 1377 3658 l

177 3649 255 3702 Pich.
286 3661 315 3705 et
339 3669 396 3706 reo.
423 3661 536 3706 tautum
565 3671 624 3708 uon
650 3669 749 3710 omues
777 3674 812 3710 ex
831 3655 943 3709 emend.
964 3641 1047 3709 111111.
1068 3655 1180 3726 digredi
1199 3671 1223 3706 c.
1250 3655 1333 3712 Vat.
1357 3663 1377 3720 3

176 3739 332 3792 omnesque
348 3725 412 3778 edd.
432 3735 499 3780 ante
517 3725 597 3779 Pich.
618 3747 646 3780 r.
667 3727 702 3780 ad
720 3728 795 3782 Anu.
814 3733 845 3794 1,
865 3733 909 3784 71.
929 3757 966 3768 -
992 3732 1050 3799 ipse
1073 3736 1139 3781 ante
1156 3743 1292 3796 agmen,
1323 3725 1377 3804 qn(

175 3797 296 3848 teris-
314 3805 397 3858 esset,
421 3801 458 3852 cf.
479 3817 503 3860 c.
523 3801 566 3854 35.
596 3801 782 3862 1111220.
812 3801 889 3856 Caes.
910 3801 936 3854 b.
959 3801 994 3855 G.
1015 3807 1047 3867 1,
1071 3804 1122 3866 253
1142 3799 1279 3853 Peerlkfl
1330 3797 1377 3864 Ue

176 3867 246 3921 salt
268 3867 327 3922 Cat.
348 3871 391 3924 59.
427 3872 502 3925 Dein
522 3877 636 3928 remotis
656 3876 781 3929 omniun
800 3879 892 3944 equis,
916 3893 970 3944 quo
988 3877 1128 3928 militibus
1147 3881 1285 3943 aequato
1308 3879 1377 3944 peri

175 3944 287 3993 unimus
313 3945 436 4011 amplior
459 3953 542 4004 esset,
572 3948 630 4012 ipss
649 3945 731 4014 pedes
756 3952 904 4000 uersuum
928 3963 981 4015 pro
1009 3951 1067 4001 loco
1090 3954 1118 3998 et
1140 3948 1234 4013 capiis
1271 3952 1377 4016 instrt

178 4011 282 4066 Want.
301 4041 338 4053 -·
355 4019 441 4068 erasit
458 4021 561 4077 aciem,
581 4017 613 4070 in
632 4018 767 4084 arduum,
787 4037 887 4074 versus
906 4029 1033 4076 montem
1053 4015 1151 4081 duxit,
1171 4015 1216 4075 (in
1244 4034 1326 4088 quo
1352 4026 1377 4090 Q

149 4145 151 4150 ⁸
175 4085 269 4151 vices)
289 4094 321 4138 ut
338 4105 383 4156 ap.
409 4088 473 4140 Liv.
495 4095 529 4154 1,
548 4091 592 4144 27.
611 4094 644 4156 3,
666 4093 707 4145 18.
737 4093 785 4158 (9,
805 4097 848 4148 31.
869 4096 918 4156 10,
939 4093 999 4156 26.)
1028 4097 1057 4142 et
1076 4089 1143 4142 Tac.
1163 4091 1329 4161 saepius3
1357 4093 1377 4170 q

175 4155 218 4209 cf.
240 4159 304 4211 lnd.
326 4159 363 4214 11.
386 4167 415 4212 et
434 4161 486 4213 inf.
506 4161 542 4214 ad
560 4179 583 4214 o.
603 4167 647 4218 36.
667 4181 695 4216 n.
715 4168 740 4219 3.
761 4191 796 4204 -
816 4163 976 4218 instandum
988 4161 1103 4230 jamnes
1123 4178 1150 4212 v.
1171 4159 1324 4221 adAnn.
1350 4175 1377 4242 2,

173 4232 200 4283 2.
219 4258 256 4270 -
270 4239 356 4300 prout
374 4235 471 4299 prima
498 4241 660 4294 cessissent,
675 4235 744 4304 sore
769 4241 910 4298 uniuersa,
938 4254 966 4288 v.
986 4236 1020 4288 ad
1040 4235 1115 4288 Anu.
1137 4237 1171 4296 1,
1189 4236 1260 4296 28,
1286 4241 1323 4296 2.
1373 4247 1377 4318 ,³

172 4305 273 4356 sissent
289 4319 344 4372 pro
362 4310 576 4371 processissent,
594 4317 627 4361 ut
644 4317 743 4382 χωρεῖν
760 4326 814 4378 pro
833 4317 990 4384 προχωρεῖν.
1030 4307 1079 4362 sic
1104 4313 1190 4377 prout
1207 4318 1347 4384 cuique
1371 4339 1377 4390 t

171 4383 240 4426 rant
258 4375 332 4428 Cels·
350 4380 389 4436 3,
409 4382 433 4430 1·
470 4379 608 4444 Εὖπηέως
631 4381 662 4434 di
679 4383 742 4446 sinis
760 4385 844 4440 ταῦτα
861 4385 973 4456 χωρέειν
990 4377 1036 4436 aii
1054 4383 1083 4436 si
1101 4383 1156 4436 ἐστι
1175 4379 1318 4441 Herod.
1345 4397 1377 4464 5,
