2890 4790
188 184 230 250 11
506 279 513 292 Ἰ
541 185 717 250 LIBELLI
739 185 797 250 DE
820 185 1056 252 GERMANIA

655 351 850 407 CAPUT
885 352 949 408 Vll.

273 459 376 548 Reges
406 485 446 528 ex
474 460 663 538 nobilitate,
704 459 804 526 duces
831 483 872 526 ex
899 463 1027 528 vtrmte
1057 471 1203 544 sumunt.
1256 461 1324 526 Nec
1356 485 1399 525 re-

190 547 286 648 gibus
307 547 437 608 infinita
457 566 495 610 aa
516 546 621 608 libera
641 553 814 628 potestas3¹
830 555 863 614 st
884 541 994 618 duces,
1016 547 1164 629 exemplo
1185 550 1294 630 potios
1315 567 1400 629 quam

190 630 350 712 imperio,
374 632 403 690 si
424 632 591 712 prompti,
623 631 653 690 si
674 630 863 712 conspicui,
893 633 923 692 si
945 637 1022 693 ante
1042 631 1145 692 aciem
1167 639 1283 718 agant,
1310 627 1401 692 admi-

189 717 318 775 ratione
339 721 508 795 praesunt.
549 710 705 774 Ceternm
720 732 829 796 nequo
849 711 1126 794 animadvertere,
1148 733 1254 798 neque
1275 715 1400 788 vincire,

155 807 160 818 ·
189 816 232 858 ne
252 795 433 858 verberare
453 793 608 878 quidem,
650 797 715 856 nisi
737 793 962 858 sacerdotibus
984 798 1201 880 permissum,
1233 815 1299 858 non
1319 798 1401 878 quasi

188 883 224 940 in
245 897 403 962 poenam,
442 899 502 940 nee
523 875 617 939 ducis
638 880 753 951 iussu,
790 877 848 940 sed
873 881 965 942 velut
994 877 1055 941 deo
1076 882 1281 963 imperante,
1315 899 1401 961 quem

189 959 302 1024 adesse
323 961 518 1024 bellantibus
540 959 690 1024 credunt.
741 961 943 1048 Effigiesque
974 971 1007 1024 et
1032 963 1125 1050 signa
1147 961 1325 1046 quaedam,
1354 959 1400 1022 de-

188 1054 296 1110 tracta
316 1045 419 1121 lucis,
447 1047 482 1106 in
504 1046 669 1128 proelium
690 1047 811 1106 lerunt.
862 1043 1025 1128 Quodque
1046 1049 1265 1129 praecipuum
1284 1048 1401 1107 lor-titu-

189 1127 277 1190 dinis
298 1129 549 1190 incitamentum
570 1135 639 1207 est,
660 1146 727 1188 non
748 1147 855 1204 casus,
878 1147 939 1188 neo
960 1131 1097 1188 fortuita
1118 1129 1321 1213 conglobatio
1342 1136 1402 1188 tnr-

160 1209 161 1214 ’
188 1229 274 1272 mam
296 1219 355 1272 out
374 1229 516 1272 cuneum
538 1207 641 1272 lacit.
672 1207 730 1271 sed
758 1212 900 1272 familiae
931 1217 973 1271 et-
994 1213 1277 1293 propinquitates;
1316 1219 1346 1273 et
1372 1213 1402 1268 in

187 1296 340 1378 proximo
362 1294 519 1376 pignera,
549 1291 638 1354 unde
660 1294 859 1353 feminarum
879 1293 1025 1354 ululatus
1046 1293 1178 1369 audiri,
1213 1293 1303 1356 unde
1323 1312 1361 1356 va
1381 1294 1402 1340 '-

187 1388 242 1439 tus
261 1379 448 1437 infantium.
499 1374 547 1436 Hi
576 1376 697 1456 cuique
723 1376 921 1436 sanctissimi
942 1384 1060 1454 testes,
1090 1376 1127 1438 hi
1146 1379 1283 1437 maximi
1303 1313 1390 1436 laudi

187 1467 287 1522 tores.
329 1457 382 1520 Ad
403 1467 547 1536 matres,
570 1456 612 1518 ad
636 1459 791 1542 coniuges
811 1459 952 1521 vulnera
972 1459 1101 1521 ferunt:
1123 1479 1184 1520 nec
1204 1461 1280 1520 illae
1301 1477 1402 1520 nume-

187 1561 264 1689 ragre
286 1549 344 1604 ant
365 1543 497 1628 exigere
518 1543 629 1626 plagas
651 1549 796 1624 pavent,
827 1541 983 1624 cibosque
1004 1551 1037 1604 et
1057 1543 1247 1604 hortamina
1267 1561 1403 1628 pugnan-

186 1629 214 1688 ti
236 1648 275 1688 us
297 1633 436 1712 gestant.
543 1643 546 1652 ·

260 1729 285 1778 1.
322 1725 410 1794 Reges
428 1743 460 1776 es
478 1723 777 1785 amalitanorum,
796 1739 832 1776 ex
850 1721 1012 1789 nobilibus,
1040 1724 1088 1790 (de
1108 1724 1211 1794 quibus
1229 1743 1256 1778 v.
1277 1723 1313 1776 ad
1330 1740 1353 1775 c.
1366 1725 1402 1774 11.

187 1817 215 1852 ιι.
238 1799 278 1864 1.)
297 1797 374 1850 dares
394 1814 424 1850 aa
441 1799 561 1858 uirtute,
579 1813 615 1850 ex
633 1795 776 1860 fortibus,
795 1795 949 1862 animosis,
969 1797 1131 1868 promptist
1156 1799 1206 1862 (of.
1227 1797 1293 1850 Ind.
1311 1795 1361 1850 lll.
1379 1811 1402 1844 r.

187 1871 337 1924 Atstmaa
354 1885 405 1938 pro
425 1868 535 1936 Conon.)
559 1875 608 1921 aut
625 1867 737 1938 potius:
776 1875 914 1937 propter,
940 1869 1097 1922 secundum
1115 1869 1306 1944 insigniorem
1331 1865 1404 1920 nobi·

187 1943 301 1996 litatem
320 1948 349 1996 et
366 1940 526 2004 virtutem,
554 1955 653 1994 earnm
672 1941 784 1994 ratione
802 1937 917 2009 habita,
952 1942 1052 1996 Genu.
1072 1941 1159 2003 nael,
1190 1941 1242 1994 Gr.
1262 1945 1294 1996 ta
1311 1948 1339 1994 et
1356 1937 1404 1994 olai

186 2032 241 2086 pro
261 2015 344 2074 sord,
375 2020 408 2065 ut
427 2031 458 2066 aa
475 2013 673 2083 magnitudine
692 2029 717 2068 c.
732 2016 759 2067 9.
780 2014 827 2076 (ea
845 2011 982 2086 dignmn,
1015 2015 1042 2068 ei
1060 2023 1284 2084 consentaneum
1303 2032 1324 2068 s.
1343 2027 1404 2065 con·

244 2089 309 2152 um)
335 2087 484 2140 distinctio
506 2103 659 2154 panarum
683 2104 714 2140 ea
738 2085 838 2138 delicto
863 2101 887 2136 o.
908 2089 945 2142 12
961 2103 1006 2156 pr.
1045 2103 1076 2138 ea
1094 2088 1173 2139 moab
1190 2090 1296 2139 uirium
1323 2103 1347 2139 c.
1365 2085 1404 2139 31.

212 2162 232 2213 f.
252 2159 289 2212 ad
313 2176 338 2212 c.
358 2161 384 2214 2.
404 2173 432 2210 n.
452 2161 478 2212 7.
521 2157 884 2225 ann.1‚2o.2,ospr.
918 2159 1405 2225 3,27.13,9.31.1615,13.

188 2235 240 2295 15,
259 2234 311 2294 72,
331 2235 356 2285 1.
378 2234 428 2293 16,
447 2233 492 2286 36
511 2230 839 2293 Η.3,19,3.1,61.
860 2228 930 2304 Agr.
949 2233 975 2286 8.
997 2230 1075 2286 Gort.
1096 2231 1132 2284 ad
1150 2230 1220 2286 Sall.
1241 2231 1303 2284 Cat
1322 2229 1405 2292 122

187 2313 217 2359 et
234 2301 365 2358 Fischeri
381 2302 523 2356 animadv.
543 2301 580 2356 ad
597 2301 723 2358 Weller.
735 2306 763 2364 3,
781 2303 809 2363 2,
831 2305 883 2356 119
892 2319 934 2370 sq.
956 2301 1089 2356 lnnisch.
1109 2303 1181 2358 Exc.
1202 2303 1238 2356 ad
1256 2301 1406 2358 Herodian.

188 2383 220 2442 1,
239 2381 266 2432 1.
285 2381 330 2431 11.
350 2375 383 2429 Τ.
403 2376 426 2430 1.
447 2393 475 2445 p.
496 2377 559 2430 811.
584 2373 720 2428 Matthiae
740 2373 838 2428 Grani.
858 2372 909 2428 Gr.
929 2373 960 2442 d.
974 2378 1038 2430 571.
1066 2375 1183 2446 ἵιιιιιιρι.
1204 2376 1303 2429 Gram.
1323 2373 1352 2443 6.
1367 2373 1406 2428 65-

186 2449 285 2504 Bromi
302 2448 338 2501 ad
357 2449 445 2502 Corn.
461 2449 535 2518 Nep.
555 2447 615 2500 Att.
625 2451 668 2500 11.
706 2447 896 2500 constatinus
915 2465 1037 2510 summa,
1055 2448 1160 2518 prima,
1180 2450 1308 2519 (insigni
1326 2447 1416 2502 emt

186 2529 317 2581 sumunt,
340 2521 404 2574 iure
423 2518 701 2583 temsuccessionis,
726 2534 812 2586 msam
832 2518 990 2574 electionis.
1030 2519 1072 2574 Cf.
1093 2520 1227 2575 Gebauer
1243 2521 1416 2591 pot-53„

187 2595 234 2648 Ex
252 2595 334 2670 regia
353 2593 456 2648 sallem
474 2593 566 2662 stirpe
586 2593 705 2646 inerunt
722 2591 904 2646 Maroboduus
922 2600 952 2646 et
971 2591 1058 2644 luder
1076 2609 1102 2646 e.
1121 2595 1165 2648 12.
1203 2594 1294 2648 lulius
1314 2592 1416 2660 Paulus}

188 2677 217 2722 et
236 2667 367 2723 Claudius
386 2666 484 2720 Civilis
510 2665 665 2728 11.1,13.
710 2663 847 2719 Classicus
874 2665 911 2718 11.
931 2669 965 2730 1,
985 2667 1027 2720 55.
1066 2665 1183 2720 Italicus
1202 2665 1278 2719 dnn.
1298 2671 1349 2728 11,
1369 2665 1416 2718 16³

188 2745 231 2796 17.
251 2748 281 2794 et
300 2740 360 2794 alii.
398 2737 472 2804 Quin
491 2745 520 2790 et
537 2736 683 2793 sororibus
701 2753 804 2812 regum
823 2738 915 2811 geniti
938 2743 1153 2802 successerunt,
1185 2745 1219 2790 ut
1245 2738 1358 2808 Vangio
1380 2735 1416 2790 acl

187 2815 254 2866 Sido
273 2813 346 2865 Ann.
366 2812 417 2874 12,
436 2812 482 2866 29.
501 2813 546 2866 31.
566 2809 696 2877 quamvis
709 2810 848 2864 Gennani
866 2826 924 2863 non
943 2809 1099 2863 tolerarint
1117 2827 1240 2886 regnum
1259 2803 1416 2869 muliebres

187 2893 221 2940 ut
238 2883 352 2940 Sitones
380 2899 406 2936 c.
424 2885 469 2938 16.
498 2889 528 2936 et
548 2881 681 2934 Britanni
699 2881 773 2934 Ann.
794 2884 843 2944 11,
862 2885 996 2939 31-36.
1028 2879 1097 2957 Agr.
1116 2887 1160 2938 16.
1198 2883 1240 2936 Of.
1261 2881 1416 2936 Eichbom

186 2977 216 3030 p.
235 2961 280 3013 18.
301 2955 352 3025 qni
369 2961 467 3025 putat,
487 2971 559 3008 voce
578 2953 712 3008 nobilitas
730 2953 762 3005 in
779 2953 846 3008 Tae.
861 2953 960 3007 Genu.
979 2953 1126 3039 designari
1143 2957 1207 3008 iura
1224 2945 1416 3022 hereditaria}

188 3039 218 3086 et
236 3047 272 3084 ex
290 3045 352 3099 cap.
370 3031 413 3082 13.
433 3026 565 3102 colligit,
592 3025 680 3079 verba
697 3033 796 3080 nostra
813 3023 871 3078 boo
889 3043 973 3080 sensu
992 3027 1129 3096 capienda
1148 3045 1224 3082 esse:
1252 3029 1285 3080 in
1303 3026 1416 3112 farnilial

188 3103 269 3188 regia
287 3109 337 3154 aut
353 3099 512 3170 principali
530 3098 653 3172 dignitas
679 3097 850 3168 principalis
877 3105 921 3152 est
946 3096 1138 3164 hereditaria3
1176 3100 1253 3170 apud
1277 3100 1416 3170 populosi

188 3175 292 3245 quibus
310 3173 410 3248 ignota
429 3179 471 3226 est
488 3178 612 3241 potestas
630 3187 733 3244 regum
750 3170 972 3241 principumve,
995 3171 1091 3224 clocam
1111 3188 1126 3225 e
1145 3171 1289 3226 nobilibus
1309 3173 1416 3234 electio.

210 3247 298 3302 sudet
315 3263 350 3300 ex
368 3261 469 3298 eorum
486 3247 604 3304 virtute,
637 3243 755 3296 meritis,
769 3242 949 3312 dotibusque.
986 3243 1041 3297 Nes
1059 3244 1168 3314 regibus
1187 3245 1322 3314 infinita,
1348 3243 1416 3296 fini-³

188 3266 436 3376 instiminbusve
461 3333 521 3371 non
546 3315 787 3386 circumscripta,
815 3315 840 3368 si
862 3331 922 3368 non
944 3316 1100 3386 temporis,
1125 3319 1283 3386 (perpetua)
1311 3311 1416 3374 saltem]

188 3391 283 3458 modi,
302 3391 456 3455 (absoluta)
476 3407 509 3442 ao
527 3389 752 3457 libera-potestas
772 3395 830 3453 est,
849 3404 908 3442 non
926 3387 1012 3441 datur
1028 3386 1100 3441 baec
1118 3408 1134 3442 a
1152 3389 1306 3444 Gennanis
1325 3389 1416 3464 liber-J

188 3466 256 3520 tetis
274 3461 491 3528 amantissimis,
511 3461 581 3526 (nisi
599 3479 615 3514 a
633 3460 731 3530 paucis
748 3461 879 3530 populis,
899 3461 951 3530 qui
968 3469 1141 3532 regnantur,
1160 3477 1221 3532 cap.
1240 3463 1285 3518 25.
1304 3467 1352 3520 12.
1372 3466 1416 3532 tol

188 3543 234 3595 11.
253 3535 289 3590 de
308 3551 366 3604 qno
385 3553 413 3588 v.
432 3533 522 3588 salt
542 3538 574 3600 1,
595 3535 648 3598 16,
667 3534 709 3600 8.)
727 3532 776 3588 sed
795 3531 827 3586 in
844 3533 923 3588 bello
941 3532 1111 3604 imperium,
1144 3533 1176 3586 in
1199 3550 1272 3606 pace
1295 3536 1342 3590 ius
1368 3551 1416 3604 oosg

188 3609 271 3666 mitis
298 3606 423 3662 babendi
448 3614 477 3660 et
501 3605 538 3659 ad
563 3605 706 3675 populum
734 3605 888 3660 referendi.
913 3623 941 3659 v.
969 3623 1031 3676 cap.
1051 3610 1094 3660 11.
1116 3608 1159 3662 12.
1202 3607 1293 3682 Reges
1318 3609 1416 3678 umeri]

188 3688 360 3756 perpetuam
379 3677 533 3734 obtinuisse
548 3677 686 3732 videntur
702 3685 888 3747 potestatem,
925 3695 979 3732 neo
1003 3677 1060 3730 nisi
1076 3686 1200 3749 propter
1216 3679 1338 3734 abusum
1359 3679 1416 3738 einis

189 3763 241 3810 aut
257 3751 444 3808 ambitionem
462 3750 603 3804 nobilium
622 3750 761 3816 amisisse,
790 3757 824 3802 ut
842 3750 1005 3817 Aminios,
1038 3751 1241 3820 Maroboduus,
1265 3753 1416 3818 Catualda,

190 3826 317 3882 Vannius
335 3823 411 3882 Auo.
429 3825 464 3890 2,
483 3827 527 3878 11.
546 3825 591 3879 62.
611 3826 656 3878 63.
675 3823 719 3880 88.
739 3825 792 3888 12,
811 3825 855 3879 29.
892 3823 935 3878 De
962 3831 1103 3893 potestate
1126 3823 1208 3896 regia
1232 3842 1261 3877 v.
1287 3825 1372 3880 Caes.
1392 3825 1416 3878 bl

191 3901 227 3956 G.
246 3901 279 3967 5,
298 3900 342 3954 27.
362 3899 475 3966 (suaque
493 3893 667 3969 Ambiorigis
688 3913 743 3948 esse
760 3895 896 3948 eiusmodi
912 3898 1046 3966 imperia,
1071 3905 1177 3950 utnon
1195 3901 1288 3952 minus
1308 3861 1416 3956 boberel

190 3977 264 4028 iuris
283 3975 315 4024 s'n
332 3985 361 4024 se
378 3968 543 4028 multitudo,
578 3985 642 4020 uam
662 3969 768 4036 ipsein
786 3969 1010 4034 multitudinem)
1037 3967 1126 4021 north
1144 3969 1183 4022 ll.
1202 3986 1231 4040 p.
1249 3973 1416 4030 395-405.

191 4045 270 4102 Riibs
288 4061 317 4114 p.
336 4043 508 4101 aso—248.
543 3987 665 4096 li'siske
683 4056 711 4110 p.
724 4041 776 4095 115
786 4049 828 4110 tq.
849 4049 878 4094 et
896 4040 1030 4094 Gebeum·
1046 4057 1075 4110 p.
1095 4043 1224 4100 21-36.
1260 4043 1320 4098 Hie
1341 4045 1416 4120 regis

190 4119 243 4174 bus
261 4117 348 4173 οιίιιιι
365 4129 531 4179 moranum,
549 4129 600 4166 aus
621 4111 745 4165 ieiorum
763 4114 1010 4187 auguriorumque
1028 4129 1127 4166 curam
1145 4114 1260 4182 tribuit,
1278 4124 1310 4169 et
1331 4115 1416 4186 equol

192 4207 288 4246 sacros
305 4186 342 4242 ad
363 4203 465 4241 eorum
483 4193 586 4240 nutum
600 4131 762 4238 hmvisse
786 4202 821 4238 ao
838 4185 1003 4252 domuisse,
1023 4184 1048 4238 ei
1066 4185 1127 4238 illis
1144 4189 1191 4253 (ut
1208 4189 1322 4242 senatui
1343 4181 1416 4262 apud

193 4260 350 4328 Romanos)
371 4257 407 4312 de
424 4258 549 4334 negotiis
565 4257 689 4329 publicis
708 4257 888 4313 convenisset
906 4275 972 4312 eum
992 4259 1199 4326 sacerdotibus,
1234 4279 1270 4316 ex
1287 4278 1325 4314 oa
1350 4303 1356 4314 .
1380 4268 1416 4328 11

195 4333 324 4410 collegit.
361 4331 442 4387 idem
460 4330 577 4406 regibus
595 4331 695 4386 Germ.
714 4329 786 4386 olim
803 4347 863 4386 non
881 4329 1032 4386 latibsndia
1051 4332 1170 4403 quidem
1187 4333 1273 4414 baisse
1291 4279 1416 4390 sriitra
