2890 4790
468 233 793 302 PRAEFATIO.
835 313 840 338 ι
1198 233 1240 298 1¹

60 421 117 481 que
134 405 164 464 in
181 404 361 465 uirtutibus.
406 405 455 468 11.
478 406 559 466 irae.
612 407 661 468 16.
691 375 855 466 siersatur.
907 404 955 468 19.
984 421 1085 464 uenas
1114 402 1238 462 animo-

61 509 477 584 rum,etpostulaoerit.
519 509 571 570 23.
582 507 710 589 fidem.
743 510 794 570 26.
816 517 945 582 opertos
966 523 1028 588 pro
1049 516 1151 583 aptos.
1186 503 1239 570 31.
1337 559 1340 566 .

60 604 323 684 limicensium
345 621 433 670 artes
454 610 573 670 audire
593 629 703 670 omnes
725 609 907 670 liberaliter
927 607 1035 678 debet,
1056 614 1095 668 ut
1116 601 1166 668 ed.
1188 625 1239 688 pr.
1288 599 1290 608 ’

61 726 124 788 quoe
140 705 232 772 Bekk.
253 711 289 770 in
311 707 363 772 ed.
377 710 417 771 11.
450 712 498 772 ito
519 709 715 798 corrigendo
736 719 866 774 censet:
895 710 953 789 qui
973 710 1130 790 quasdam
1150 720 1240 768 artes

61 809 177 882 haurire,
197 830 303 872 omnes
324 812 429 872 libare
450 811 553 873 debet.
597 813 647 876 33.
668 813 885 894 grammatice
905 813 1026 872 musice
1046 809 1241 890 geometrice

61 911 152 971 omisa
168 912 286 996 copula,
308 931 394 994 quae
415 911 551 976 delenda
564 911 708 978 videtur.
741 913 790 978 35.
801 915 852 977 36.
866 914 1057 993 plerumque
1070 923 1241 972 autem-

61 1007 353 1077 611).ΧΧΧ11.6.9.
375 1028 540 1076 oratorem
561 1018 661 1076 etiam
670 1017 842 1100 fateatur.
885 1016 937 1104 23.
961 1035 1022 1076 cur
1035 1011 1121 1076 mole
1141 1015 1240 1075 omis·

62 1129 130 1189 tum,
159 1111 210 1174 sod
234 1114 506 1200 bone·scriptum
535 1118 578 1178 in
604 1130 771 1178 tantum.
814 1117 864 1182 29.
888 1135 970 1190 quas
996 1115 1086 1176 volsis
1106 1115 1239 1194 aperiri.

61 1209 97 1270 31.
113 1215 191 1290 quoa
229 1216 279 1278 31.
302 1217 332 1278 si
341 1216 440 1299 forte
461 1217 560 1278 leaeo
581 1219 758 1280 audierint.
780 1249 821 1264 —
875 1215 966 1280 CAP.
985 1215 1138 1280 XXXIII.
1158 1236 1192 1280 6.
1210 1214 1240 1279 51
1310 1219 1316 1228 “

61 1313 189 1376 scientiae.
228 1319 255 1380 7.
277 1319 380 1398 quod,
413 1328 447 1380 ot
467 1320 651 1382 resciamus.
703 1323 751 1382 10.
781 1321 896 1398 Neque
927 1320 1014 1380 enim
1041 1319 1133 1378 dum
1162 1325 1241 1400 (ΡΝ)
1364 1337 1369 1344 “

61 1416 171 1474 mnium
182 1417 278 1496 enim)
301 1432 374 1480 arte
395 1431 427 1480 et
448 1421 603 1502 scientia,
625 1423 681 1483 sed
702 1423 798 1502 longe
819 1422 924 1500 magis
931 1421 1103 1504 facultate
1125 1420 1242 1480 66616-

62 1518 162 1589 quentia
179 1522 344 1584 contineri.
388 1525 438 1584 11.
460 1522 486 1581 ii
506 1522 706 1605 significare.
761 1525 810 1585 13.
839 1541 941 1602 quum
969 1522 1061 1598 Aper
1090 1538 1243 1598 quoque

62 1627 84 1672 et
103 1617 254 1683 Secundus.
302 1621 351 1684 15.
383 1623 527 1684 videtur.
573 1627 622 1689 17.
654 1625 984 1686 exercitationes.
1029 1617 1244 1684 16661616-

61 1724 101 1777 tei·
132 1721 177 1785 23.
204 1724 233 1784 il
240 1725 252 1786 l
259 1725 313 1784 ud
334 1737 421 1786 certe
442 1727 603 1788 concedet.
646 1729 696 1790 21.
719 1738 833 1807 aperte
852 1743 915 1808 pro
935 1722 1145 1802 paratiorem.
1188 1719 1242 1783 25.

61 1837 121 1890 tvae
136 1826 257 1902 proprie
278 1838 312 1886 et
333 1839 501 1888 oratorum
521 1828 697 1900 videntur,
729 1825 817 1891 undo
837 1843 938 1902 vero,
974 1823 1115 1906 opinor,
1146 1823 1245 1884 lectio
1365 1867 1367 1879 .

61 1919 180 2016 116666
196 1927 350 2006 propriae
369 1939 537 1990 oratorum
557 1951 588 1991 v.
616 1924 722 2014 (quod
742 1931 826 1992 coni.
848 1927 940 1990 Brot.
961 1932 998 2004 et
1015 1921 1105 1986 dedit
1124 1921 1247 2000 Bekis.)

63 2021 99 2080 sol
112 2043 180 2099 quae
197 2031 352 2109 propriae
373 2049 439 2092 esse
459 2043 627 2096 oratorum
647 2053 677 2092 u.
698 2061 740 2077 -
794 2029 885 2094 cAP.
902 2023 1065 2091 XXXIV.
1084 2047 1118 2090 6.
1135 2025 1166 2088 l.
1187 2027 1245 2106 qui

63 2125 206 2206 rumpam
235 2131 278 2191 in
310 2131 484 2216 ciuitate
516 2133 644 2194 locum
679 2133 904 2194 obtinebat.
963 2131 994 2194 7.
1033 2129 1182 2203 excipere
1211 2140 1245 2188 et

62 2225 147 2305 iurgiis
164 2232 334 2300 interesset
373 2231 432 2296 sed
458 2242 549 2296 recte
577 2233 684 2296 Bokk.
718 2231 849 2298 dodiesc
867 2230 1004 2300 videtur
1023 2230 1188 2309 exciperet
1209 2243 1242 2290 et

59 2326 146 2406 iurgiis
167 2333 347 2398 interesset.
407 2337 459 2398 21.
492 2355 647 2414 semper
680 2355 836 2408 novum,
877 2351 1038 2412 semper
1073 2331 1243 2412 plenum.

61 2429 96 2488 12
111 2445 141 2490 ut
157 2454 212 2496 nec
232 2435 378 2496 breviter
398 2437 496 2497 dicto.
545 2437 597 2499 21.
628 2457 728 2518 quarn
748 2437 837 2512 suis3
876 2433 967 2494 inele
996 2433 1099 2512 q'uin
1125 2433 1244 2493 immo

61 2539 282 2598 constantius
303 2557 492 2616 surgere,
515 2539 570 2598 ibi
580 2538 772 2621 fidelius
794 2535 1070 2597 corroborari.
1113 2533 1163 2598 25.
1184 2535 1245 2596 665

61 2631 179 2697 iuneti
204 2640 560 2718 praeceptoribus.
603 2639 653 2701 31.
683 2641 770 2702 solus
801 2629 914 2702 statim
940 2650 972 2698 et
999 2653 1084 2696 unus
1114 2635 1245 2696 cuicun-

62 2749 107 2804 qne.
125 2768 159 2784 -
200 2736 293 2800 CAP.
311 2737 446 2802 XXXV.
468 2763 501 2804 v.
519 2744 547 2803 1.
578 2741 786 2802 deducuntur
807 2741 843 2800 in
863 2757 897 2801 se
917 2738 952 2798 in
972 2735 1246 2800 scholasticorum.

62 2830 79 2890 1.
94 2833 197 2900 Cicero.
238 2843 269 2904 6.
293 2841 510 2904 deducuntur.
539 2843 743 2924 insciolus,
779 2842 906 2923 quihus.
958 2841 1006 2902 11.
1029 2851 1062 2899 et
1081 2837 1194 2898 dicant
1214 2851 1247 2898 et

61 2935 215 3000 uitentur.
260 2943 312 3004 11.
334 2946 503 3005 suasoriae
523 2945 655 3024 quidem
676 2946 737 3006 etsi
758 2958 927 3025 tanquam.
975 2942 1027 3004 21.
1048 2957 1248 3018 prosequun-

60 3045 105 3096 ur.
137 3041 182 3102 12.
209 3040 298 3105 Anto
331 3064 399 3106 rem
430 3047 576 3125 cogitare
604 3052 655 3106 ost
684 3063 802 3132 magna
823 3046 941 3106 lacuna
961 3051 996 3106 ot
1016 3041 1097 3105 hoec
1116 3039 1249 3106 lihrorii
1348 3127 1351 3134 1

61 3145 214 3204 motatio:
246 3144 390 3204 saultum
412 3144 523 3227 deficit
544 3146 580 3206 in
601 3145 840 3225 exemplaribus
860 3163 946 3225 quae
966 3143 1186 3224 reperiuntur.
1206 3175 1248 3189 -

60 3233 394 3308 11111016165.
424 3247 502 3306 sss..
531 3247 788 3324 percursatum.
822 3243 879 3322 (es.
908 3243 1177 3324 666661.)
1218 3249 1248 3310 9.

59 3345 189 3406 conciones
209 3348 480 3426 magistratuum.
524 3351 575 3413 27.
597 3350 661 3410 nisi
682 3350 755 3428 quis
776 3349 915 3428 ingenio.
964 3347 1184 3410 tusorum
1206 3359 1248 3408 te·
1365 3341 1368 3350 ’

39 3440 234 3505 6166616-
255 3447 411 3507 absentis.
456 3449 507 3511 32.
536 3452 685 3528 praemia
712 3451 811 3511 etiam
834 3449 1004 3510 necessitas
1025 3461 1057 3510 et
1076 3449 1245 3529 quomodo.

58 3535 89 3598 15.
105 3545 335 3607 clientulorum.
358 3577 400 3592 -
442 3545 533 3612 CAP.
549 3549 719 3613 XXXVII.
746 3553 826 3616 6.1.
848 3552 879 3614 2.
906 3567 991 3628 quae
1020 3560 1052 3608 et
1081 3548 1117 3608 iu
1137 3549 1247 3608 anti-

58 3647 273 3710 uariorum.
319 3649 348 3712 1.
377 3647 432 3708 Ea
458 3649 512 3712 iis
539 3653 690 3734 intelligi.
721 3647 776 3734 (61.
804 3651 847 3716 ad
874 3673 902 3714 6.
920 3651 949 3714 5.
975 3672 1010 3716 6.
1029 3647 1075 3722 2.)
1125 3649 1156 3713 9.
1179 3650 1250 3710 sine

40 3741 161 3824 siliqua
180 3751 377 3831 eloquentia.
423 3751 472 3812 10.
493 3757 634 3816 accedat.
680 3756 729 3819 13.
751 3757 795 3818 de
816 3753 968 3835 expilatis
987 3752 1081 3814 sociis
1101 3764 1133 3814 et
1154 3753 1249 3814 eomi-

41 3871 42 3908 s
60 3843 115 3908 1116
134 3855 314 3916 tmcidatis.
359 3852 407 3916 15.
429 3867 537 3918 status
558 3859 786 3938 habendus,
815 3857 855 3916 in
876 3875 952 3935 quo
973 3853 1057 3914 nileil
1078 3854 1145 3915 tale
1164 3855 1248 3933 pati·

60 3959 114 4008 111.
150 3954 200 4016 31.
229 3975 267 4017 66
288 3957 399 4017 acrior
419 3975 478 4035 per
498 3979 629 4038 pugnas
651 3955 727 4035 [sibi
747 3953 847 4037 ipsos]
871 3956 1093 4034 desumpserit.
1138 3955 1190 4020 32.
1213 3955 1249 4014 in

60 4053 277 4117 othoninum.
299 4089 342 4105 -
384 4057 475 4122 CAP.
491 4057 726 4127 xxxvln..
728 4063 786 4125 2.
822 4078 906 4158 quae
933 4059 994 4120 etsi
1022 4076 1110 4118 nunc
1139 4057 1249 4135 aptior

61 4160 99 4228 ⁰1,
125 4155 169 4220 ito
187 4159 397 4240 eloquentia,
429 4173 522 4222 tanto
553 4149 1247 4246 1116616666.166661616ᾱί6666166.

42 4243 150 4320 11666
178 4261 282 4323 lsaec
314 4266 410 4324 tertio
443 4263 625 4327 consulatu.
678 4264 726 4328 15.
754 4285 815 4348 pro
848 4262 1022 4324 heredibus
1053 4260 1179 4322 urivoe.
1206 4291 1248 4306 -

63 4339 117 4416 11·
131 4356 281 4428 XXXIX.
303 4385 336 4428 6.
357 4363 387 4426 1.
412 4377 572 4442 quantum
592 4367 711 4429 virum.
764 4365 794 4429 5.
817 4365 1011 4430 tabulariae.
1059 4363 1090 4424 9.
1111 4359 1216 4438 Ipsa
1206 4389 1249 4406 -

43 4685 44 4696 s

43 4697 45 4718 1
