2868 4798
171 707 354 794 IULII
408 647 824 792 Aculeonis
872 701 1055 789 ulcu·

586 939 771 948 —q--q—--ou

376 1109 852 1174 BREVIARIUM.

81 1286 134 1355 Cap.
155 1291 180 1339 1.
231 1245 398 1337 Clarorum
416 1286 539 1338 virorum
550 1281 638 1352 faeta
655 1301 792 1356 moresque
808 1285 929 1352 posteris
954 1279 1076 1341 tradere,
1106 1285 1132 1331 et
1157 1279 1234 1332 anti-

39 1369 98 1434 pins
119 1373 143 1417 et
170 1383 249 1418 nunc
272 1367 426 1428 usitatum,-
456 1367 483 1420 2.
502 1363 551 1417 sed
569 1366 755 1434 periculosam
778 1363 823 1416 lsis
847 1362 1025 1432 temporibus.
1062 1363 1087 1418 3.
1113 1359 1157 1414 Ea
1180 1377 1234 1430 quo

40 1439 95 1488 lma
109 1445 133 1488 et
153 1438 296 1490 Traianus
315 1455 433 1508 regnare
450 1445 615 1506 coeperunt,
647 1445 714 1506 post
738 1439 851 1506 longam
869 1439 1031 1490 seruitutem
1050 1437 1234 1503 inertiamque

39 1511 82 1562 ulit
95 1511 231 1564 scribendi
249 1513 375 1570 animus,
400 1518 427 1561 et
447 1513 478 1562 in
497 1512 584 1562 lucem
596 1511 697 1580 prodit
714 1508 760 1561 lsic
776 1509 846 1562 liber
863 1507 964 1562 leonori
980 1508 1128 1578 Agricolae
1146 1506 1236 1560 soceri

40 1583 156 1638 uersatus
175 1591 204 1636 et
220 1581 396 1652 professione
410 1585 530 1652 pietatis
548 1589 600 1634 aut
618 1583 745 1636 laudatus
770 1589 820 1634 aut
838 1589 989 1637 excusatus.

82 1660 101 1709 1
136 1657 182 1708 Cn.
203 1656 284 1708 lulii
301 1657 450 1728 Agricolae
468 1660 516 1708 asi
533 1663 560 1708 et
577 1665 719 1725 parentes,
752 1655 891 1714 educatio,
921 1657 1060 1723 pueritia,
1084 1652 1235 1706 adolescen-

40 1729 74 1788 tis,
91 1729 189 1790 studia,
217 1731 368 1800 ingenium
392 1728 515 1782 sublime.
553 1731 579 1783 5.
598 1728 632 1782 In
651 1729 807 1784 Britasmia
824 1727 1027 1782 contubernalis
1046 1733 1088 1780 est
1106 1727 1236 1778 Suetonii

41 1799 119 1854 latini
135 1811 161 1854 et
180 1803 316 1856 tribanus
334 1804 476 1864 militam,
505 1801 554 1856 sed
573 1804 711 1856 militaris
735 1803 844 1872 gloriae
869 1797 1027 1870 cupidinem
1046 1807 1151 1854 coercet
1168 1806 1236 1852 tem-

38 1874 115 1940 pcibus
132 1878 207 1936 illis,
241 1875 340 1946 quibus
366 1893 422 1928 non
449 1877 543 1930 minas
558 1877 713 1944 periculum
732 1893 763 1928 ec
781 1891 887 1944 magna
896 1871 983 1941 farrea
1002 1891 1084 1944 quam
1102 1891 1133 1926 ea
1150 1873 1234 1926 mala.

38 1947 130 2000 illinc
152 1947 191 2000 ad
212 1947 390 2017 capessendos
418 1953 607 2020 magistratus
633 1951 663 2002 in
685 1947 783 2000 Urbem
801 1948 939 2018 digressus
957 1964 1068 2000 uxorem
1085 1943 1162 2000 ducit
1179 1945 1236 1996 Do·

38 2023 116 2072 uitium
133 2021 338 2082 Decidianam,
357 2039 472 2092 quacum
489 2024 564 2074 mira
582 2021 728 2074 concordia
745 2023 834 2082 vivit,
845 2020 934 2091 sitque
955 2019 1089 2086 Quaestor
1106 2023 1138 2072 in
1155 2019 1236 2078 Asia,

40 2093 141 2146 lribuuus
156 2094 266 2163 plebis,
294 2093 426 2158 Praetor3
460 2103 520 2148 tum
545 2097 664 2166 eligitur
685 2114 704 2148 a
724 2093 813 2147 Galba
836 2093 876 2146 ad
890 2094 963 2151 dona
981 2095 1145 2162 templorum
1164 2110 1237 2144 reco-

39 2167 163 2234 gnoscenda.
200 2170 229 2222 t.
257 2169 286 2220 A
312 2169 397 2220 classe
424 2167 585 2222 Otlsoniana
607 2167 786 2238 diripiuntur
808 2167 924 2236 praedia
941 2168 1000 2220 eius
1019 2169 1050 2220 in
1068 2165 1191 2236 Ligseria
1209 2172 1236 2218 ct
1337 2214 1339 2218 .

39 2247 98 2290 aeter
114 2240 298 2308 interficitur.-
331 2243 390 2309 ipse
410 2243 498 2308 paulo
514 2248 579 2310 post
598 2244 629 2294 in
651 2239 818 2310 Vespasiani
831 2247 929 2310 partes
947 2246 1140 2311 transgressus
1155 2255 1237 2307 prac-

38 2317 121 2378 pnitur
145 2318 296 2366 vicesimae
322 2314 430 2384 legioni
456 2317 487 2367 in
509 2313 680 2374 Britannia,
713 2317 737 2368 8
763 2314 811 2366 ubi
835 2320 862 2364 et
885 2332 903 2364 a
924 2315 1005 2383 segni
1029 2320 1056 2366 et
1074 2312 1109 2364 ab
1126 2314 1237 2382 egregio

39 2389 160 2449 puindae
186 2385 333 2456 praesecto
360 2388 456 2455 ampla
482 2389 510 2438 ei
534 2389 673 2439 virtutum
707 2386 916 2438 exercendarum
950 2389 1057 2438 occasio
1080 2385 1235 2454 praebetur.

38 2459 91 2509 Η
114 2457 281 2527 Vespasiano
307 2460 383 2510 inter
403 2462 539 2526 patricios
558 2462 666 2512 ascitur
679 2459 894 2530 praeficitunqen
912 2460 1093 2529 Aquitaniae.
1130 2458 1237 2510 Deinde

39 2533 105 2582 canl
117 2539 229 2584 creatur
246 2539 275 2584 et
287 2531 384 2600 filiam
404 2532 500 2584 Tacito
517 2531 670 2601 despondet.
713 2532 797 2586 Anno
817 2539 885 2601 post
902 2531 1057 2585 Britannia
1081 2532 1109 2581 ei
1117 2533 1238 2599 *procin-

39 2605 66 2652 sier
78 2603 152 2656 datur
173 2605 286 2657 adiecto
303 2603 483 2674 pontificatus
501 2605 664 2658 sacerdotio.

86 2680 121 2731 11.
154 2677 346 2730 Britanniam
361 2679 448 2746 paula
466 2685 533 2730 ante
550 2681 729 2730 circumvecta
747 2683 808 2730 erat
832 2678 930 2742 classis¹
948 2677 1153 2738 Romanorum,
1185 2693 1238 2747 quo

41 2755 127 2818 tenpore
143 2753 270 2820 primurn
289 2751 326 2803 iis
340 2757 366 2802 et
376 2749 477 2818 farma
495 2749 578 2804 buius
597 2751 714 2812 insulae,
732 2757 760 2804 et
772 2751 895 2810 Oreades,
916 2749 1001 2802 Thule
1022 2749 1174 2819 Oceanique
1192 2767 1240 2800 no·

40 2823 133 2882 tissimi,
159 2827 253 2878 mars's
270 2825 367 2894 pigri,
393 2831 498 2876 natura
516 2828 707 2878 innotuerant.
746 2828 789 2878 11.
813 2823 1018 2876 Britannorum
1039 2826 1135 2893 origo,
1162 2821 1241 2874 babi-

41 2901 78 2954 ta,
97 2913 189 2956 suaa,
213 2913 321 2956 mmo,
347 2913 453 2958 mores,
485 2899 529 2954 12
550 2914 592 2950 res
609 2899 750 2950 militaris
768 2905 797 2950 et
813 2897 942 2965 publica,
975 2913 1043 2950 rara
1059 2897 1240 2954 consociatio,

40 2970 110 3020 mlum
125 2969 229 3024 crebris
249 2969 383 3022 imbribus
407 2976 433 3022 et
451 2969 558 3022 nebulis
569 2967 702 3038 saedeem,
736 2969 794 3024 dies
814 2971 1009 3042 longissimae,
1038 2977 1130 3024 noctes
1148 2971 1241 3022 clarae

39 3041 157 3102 euna,
174 3045 268 3096 solam
280 3039 447 3110 secundum,
465 3045 598 3102 metalla,
623 3046 807 3114 margaritae.
845 3047 887 3099 13.
909 3043 1046 3110 Quaedam
1064 3059 1157 3096 eorum
1174 3059 1242 3114 gen·

41 3119 64 3164 ta
77 3113 203 3179 domitae,
234 3123 266 3167 ut
282 3123 420 3184 pareant,
451 3115 592 3174 nondum,
619 3123 652 3170 at
669 3119 802 3169 serviant.
841 3115 979 3178 Caesaris,
1009 3117 1121 3170 Claudii
1148 3123 1173 3168 et
1194 3113 1242 3168 l'e·

40 3191 137 3251 pulani
153 3189 343 3259 expeditiones
361 3191 392 3240 in
409 3189 600 3242 Britanniam.
637 3192 681 3244 11-
704 3187 810 3262 Legati
826 3191 983 3244 consulares
1001 3188 1066 3242 lsuie
1079 3189 1243 3259 provinciae

40 3257 161 3327 scafati,
179 3263 216 3314 A.
236 3261 381 3322 Placitae,
402 3261 531 3314 Ostorius
552 3261 686 3332 Scapula,
709 3262 815 3316 Didiae
834 3263 947 3323 Gallus,
973 3263 1077 3316 Didiae
1097 3261 1243 3324 Veranius,

41 3331 157 3387 Manius
165 3334 310 3388 Paselinus.
345 3335 386 3388 15.
398 3338 441 3390 16.
451 3333 760 3397 bloteesllritannorum,
777 3339 833 3408 qui,
851 3335 989 3390 Boudicca
1005 3337 1071 3390 duce
1089 3342 1117 3387 et
1133 3335 1243 3388 absente

42 3402 134 3474 legato,
152 3407 259 3460 bellum
272 3413 394 3469 sumunt,
412 3407 462 3461 sed
476 3427 495 3460 a
513 3407 647 3462 Suetonio
664 3415 752 3463 aeteri
765 3413 922 3480 patientiae
940 3413 1131 3464 restituuntur.
1169 3408 1244 3463 Huic

42 3479 158 3533 uniant
175 3498 273 3552 segnes
292 3479 412 3550 Legati,
437 3479 582 3536 Petronius
603 3481 797 3550 Turpilianus,
832 3482 981 3538 Trebellian
999 3482 1154 3542 blesim,
1180 3481 1244 3536 Vet-

42 3555 77 3604 tia
92 3553 218 3607 bolanus.
262 3557 304 3610 17.
330 3553 397 3606 Rem
426 3557 583 3608 restituunt
611 3554 726 3610 Petilius
755 3556 875 3610 Cerialis
897 3563 925 3606 et
949 3557 1039 3609 lulius
1065 3555 1244 3622 Frontianis

42 3623 71 3673 «lle
91 3625 272 3698 Brigantum,
304 3625 349 3678 lsic
372 3625 496 3679 Silurum
513 3636 625 3698 gentem
644 3633 732 3682 arinis
749 3629 864 3700 subigit.
909 3631 951 3684 18.
971 3628 1089 3682 Famam
1107 3632 1242 3684 maiorum

42 3697 284 3754 “dissimulatione
301 3707 413 3752 auctam
432 3701 547 3771 colligit
563 3703 714 3770 Agricola,
742 3719 835 3756 recens
854 3701 1028 3763 Consularis,
1054 3703 1142 3755 deleta
1159 3722 1243 3774 prope

44 3768 178 3825 sibonum
196 3780 280 3844 gente
297 3779 430 3845 captaque
447 3772 532 3826 Mona
549 3776 650 3827 insula.
690 3779 732 3831 19.
755 3775 829 3826 ldem
854 3773 964 3827 domam
987 3783 1113 3828 suamet
1132 3777 1243 3829 liberto·

44 3858 84 3894 esu
98 3849 150 3898 vim
168 3853 288 3910 coercete
316 3849 423 3915 optimo
443 3851 537 3917 cuique
554 3847 604 3900 dat
622 3843 720 3914 officia
737 3853 765 3899 et
782 3855 896 3916 peccata
911 3850 1011 3916 punite
1028 3847 1173 3917 frumenti·
1190 3853 1244 3904 tri-

44 3914 190 3990 butorumque
216 3923 384 3972 exactionem
409 3921 505 3973 mollit
524 3922 693 3990 aequalitate
718 3937 838 3975 onerum.
885 3923 929 3977 2⁰.
954 3920 1097 3974 Praeterea
1119 3921 1243 3992 discipli·

45 4005 89 4040 em
104 3994 254 4046 utilitatem
272 4009 360 4046 secere
377 4001 493 4058 exercete
526 3995 587 4045 loca
609 3997 710 4047 castris
738 3998 796 4062 ipse
820 3998 898 4062 capit
915 4011 947 4046 ac
964 3997 1049 4048 siloas
1066 4002 1241 4063 praetentam

46 4058 108 4116 butes
124 4071 209 4116 terret
226 4065 316 4118 subito
336 4069 460 4133 impeta,
493 4068 597 4119 multas
622 4069 750 4120 ciuitates
766 4069 915 4135 praesidiis
934 4070 1107 4140 castellisque
1125 4072 1241 4120 circam·

46 4131 83 4184 bi·
119 4137 160 4191 21.
185 4137 312 4208 Denique
329 4137 533 4192 Britannorum
554 4141 665 4198 animos
683 4139 839 4192 liberalium
858 4144 964 4194 artium
982 4157 1075 4193 anone
1095 4141 1197 4194 imbuit
1215 4147 1242 4194 et

46 4211 97 4266 ⁰¹10,
111 4210 296 4278 mbeptatibus
314 4219 340 4264 et
357 4213 489 4264 seruituti
504 4215 615 4281 potius,
632 4229 716 4283 quam
735 4213 927 4273 humanitati,
951 4212 1108 4282 assuefacit.

96 4283 134 4337 ²2
170 4283 263 4336 l'ertio
288 4283 491 4354 expeditionum
515 4303 592 4339 anno
617 4289 746 4340 nationes
771 4285 879 4358 subigit
895 4303 976 4356 usque
993 4286 1032 4338 eid
1049 4285 1135 4338 Tasan
1152 4289 1180 4335 et
1198 4301 1242 4336 ea-

48 4353 107 4405 stau
121 4360 206 4425 ponit.
244 4355 307 4412 Non
325 4359 422 4414 auidus
441 4365 533 4412 tamen
551 4359 660 4430 gloriae
679 4366 720 4414 est
737 4367 779 4419 et,
810 4365 842 4410 ut
860 4359 940 4412 bonis
957 4363 1057 4418 comis,
1087 4361 1131 4411 tta
1150 4357 1243 4410 adrer-
