2756 4792
187 171 250 290 ιιι
492 217 715 286 uuuoeus
735 220 794 284 ns
820 217 1106 282 omrosmus.

188 398 299 446 eentum
316 397 344 444 ct
360 389 467 462 viginti
484 388 620 458 (totidem
640 385 750 452 literis)
768 384 830 438 vat.
851 384 931 440 1518.
970 385 1039 439 ca
1055 383 1116 438 XX,
1137 385 1200 438 rut.
1221 393 1250 440 et
1268 392 1316 438 cet.
1340 385 1377 436 C¹

186 465 216 519 Χ
231 466 293 518 Vnt.
313 463 392 520 1862.
412 465 493 520 llil&
515 469 545 516 et
562 461 607 515 ed.
626 477 672 531 pr.
692 461 794 530 lnepts
811 457 949 528 temporis
967 457 998 510 in
1015 455 1071 510 luc
1089 473 1121 512 re
1140 456 1313 528 computatio
1337 480 1348 499 ι

188 545 238 590 tur
265 554 326 608 cup.
345 539 467 592 Blextr.
489 543 518 588 et
536 552 560 587 c.
581 535 625 588 25.
645 549 690 602 pr.
709 560 746 572 -
764 533 955 601 colligantur,
974 549 1001 582 v.
1021 529 1056 582 ed
1074 529 1108 584 G.
1129 533 1173 586 37.
1193 547 1222 583 ιι.
1241 536 1267 588 9.

263 613 289 664 ll.
329 613 386 678 ipss
404 627 454 679 ego
473 612 503 660 in
521 607 674 660 Britannia
690 605 752 657 cidi
767 622 870 662 senem,
890 620 916 655 v.
937 601 972 654 ad
991 619 1053 673 cap.
1074 606 1100 658 7.
1121 621 1150 654 ιι.
1171 607 1241 657 1.-
1258 607 1284 656 ιι·
1296 621 1374 674 pugn

189 699 226 735 ex
252 681 365 736 emend.
388 683 465 736 Μαι.
491 687 520 733 et
544 676 621 732 Pith.
650 693 786 748 recepere
811 675 937 729 editores
955 691 1015 728 rec.
1039 682 1065 726 ei
1078 679 1203 747 pugnae
1218 675 1281 729 edd.
1300 683 1351 728 vet.
1374 698 1377 715 ·

188 754 266 823 Lips.
287 757 371 807 Bern.
392 753 483 806 Gron.
504 750 599 804 liruff.
619 777 656 792 -
675 750 831 810 Caeam,
856 747 1018 818 inserentem
1040 765 1123 800 arma
1147 748 1350 802 Britannicis.

187 830 250 882 696.
271 834 301 880 et
318 830 380 882 700.
399 843 427 878 v.
448 825 485 877 sd
503 824 528 876 A
566 862 573 876 .
594 827 637 879 13.
657 839 685 876 n.
704 827 731 877 l.
769 822 865 874 &nan
892 835 964 876 vero
989 819 1075 872 illmn
1094 837 1153 874 non
1172 820 1230 872 nisi
1248 827 1311 891 post
1328 837 1349 872 a.

187 901 249 954 800.
269 904 300 952 in
318 899 473 950 Britannia
490 902 519 950 ci
550 914 578 950 re
595 895 706 966 potuit3
731 895 807 947 Brut.
829 923 861 936 -
887 897 1015 964 aggressi
1037 900 1103 946 sunt
1128 909 1167 945 sc.
1194 893 1307 947 incolae
1329 893 1363 945 ei

188 990 209 1024 s.
235 971 383 1035 Britanni3
414 969 474 1022 Sct
503 977 532 1023 et
555 970 607 1020 Dr.
647 968 683 1020 ln
708 965 756 1022 bis
774 967 871 1019 minus
889 963 1110 1031 offendendum,
1139 981 1231 1034 quum
1258 966 1377 1018 Britann

188 1043 249 1114 ipse
267 1044 320 1106 sit,
345 1043 396 1114 qui
413 1048 527 1108 narret,
556 1039 634 1110 quod
651 1039 696 1092 sui
713 1039 852 1103 iecerint3
879 1037 1044 1092 Banabenst.
1080 1037 1220 1092 Britanni
1236 1064 1336 1102 -⁴.‘.'

188 1125 256 1170 sunt
274 1117 324 1170 vel
341 1116 509 1168 Britanniae
526 1141 563 1154 -
581 1131 619 1184 ag
654 1131 726 1166 asae
743 1121 809 1164 omit
827 1109 985 1186 legendum
1005 1109 1138 1164 censebat
1161 1111 1235 1164 Ern.
1255 1118 1284 1164 et
1300 1111 1373 1162 Brito

190 1193 235 1242 nis
253 1217 289 1230 -
307 1193 434 1260 aggressi
451 1195 519 1240 sunt
537 1189 590 1251 (sc.
634 1185 755 1249 ritunni)
779 1183 886 1238 dedere
911 1183 973 1253 Bip.
994 1182 1044 1237 oh.
1064 1182 1153 1235 Bekk.
1175 1184 1249 1236 latin.
1268 1211 1305 1222 -
1319 1185 1360 1236 ool

189 1269 250 1315 ias.-
268 1263 370 1315 ileum.
394 1259 511 1330 scripsit
534 1262 662 1326 voluptas
688 1257 758 1311 coll.
784 1257 864 1310 vtr.
891 1255 945 1308 ecl.
968 1257 1002 1321 2,
1029 1257 1074 1311 65.
1111 1255 1202 1310 bobii
1220 1272 1273 1310 rua
1288 1275 1323 1327 pu
1353 1284 1367 1297 =·

188 1337 324 1405 voluptas.
342 1363 379 1374 -
397 1333 468 1386 idem
493 1332 555 1385 edd.
580 1329 671 1384 Rhen.
697 1333 723 1386 2.
743 1336 770 1386 3.
790 1329 828 1382 Al
884 1335 913 1381 et
936 1345 993 1381 rec.
1031 1335 1059 1379 ei
1075 1329 1183 1398 quidem
1209 1328 1253 1382 ed.
1280 1346 1324 1400 pr.
1347 1329 1373 1380 ΡΙ

189 1407 252 1460 Riv.
279 1407 344 1460 Ber.
371 1404 464 1460 Rhen.
490 1410 516 1460 1.
543 1413 569 1456 et
595 1404 668 1456 idern
692 1403 767 1457 coni.
788 1403 840 1455 Dr.
878 1399 1023 1469 Equidem
1043 1400 1217 1455 crediderim
1236 1402 1295 1476 leg.
1314 1405 1336 1453 is
1357 1426 1375 1441 ν

188 1481 255 1533 dem.
275 1507 312 1519 -
336 1483 439 1534 nmtris
462 1495 566 1550 quoque
590 1477 744 1530 manitus
763 1481 823 1539 „lc
843 1473 945 1538 Foru.)
964 1473 1118 1543 Perspicua
1136 1491 1250 1526 verum.
1289 1473 1348 1526 Alii
1368 1504 1377 1515 »ι

189 1553 330 1606 atoribas”
354 1551 467 1620 Lipsius
493 1551 526 1602 in
554 1549 644 1606 edel.
673 1567 701 1602 v.
728 1547 764 1600 sd
786 1563 811 1599 c.
831 1550 857 1600 1.
887 1563 916 1597 n.
936 1550 963 1602 3.
1000 1548 1158 1601 auctoribus
1186 1547 1250 1600 edd.
1271 1555 1328 1600 vet.
1346 1563 1376 1596 ιιι

189 1625 269 1696 Lips.
288 1625 427 1679 actoribus
444 1623 522 1678 coni.
542 1623 594 1676 Dr.
614 1621 702 1691 idque
720 1619 869 1674 substituit
894 1617 938 1672 0s.
958 1617 1038 1688 quod
1055 1618 1181 1674 mireris.
1220 1619 1265 1674 cf.
1286 1619 1322 1672 ad
1348 1640 1371 1661 ἰ

232 1736 241 1766 '
261 1773 286 1826 5.
324 1768 452 1823 Proximo
469 1768 578 1838 quidem
597 1769 756 1838 congiario,
780 1763 812 1816 in
830 1764 965 1836 proxima
983 1763 1043 1818 eius
1061 1763 1270 1823 distributione
1290 1783 1314 1818 ι.
1332 1765 1363 1819 U.

188 1845 251 1900 826.
283 1861 310 1896 v.
343 1841 380 1894 ud
402 1840 478 1892 Anu.
510 1843 560 1906 12,
586 1841 630 1894 tt.
649 1868 686 1880 -
712 1841 788 1907 plera
839 1855 852 1888 e
875 1855 970 1890 sena.-
993 1836 1140 1890 Gesnerus
1165 1844 1194 1890 et
1224 1837 1331 1890 Heum.
1355 1837 1377 1888 l·-

189 1915 343 1970 censebunt
356 1917 482 1986 plerique
499 1913 550 1966 vel
564 1916 658 1984 piraeo
680 1929 764 1966 ιιιιιι.
823 1909 858 1964 ed
883 1927 911 1962 v.
939 1907 975 1961 ud
992 1908 1067 1964 Ann.
1087 1915 1119 1978 3,
1137 1913 1181 1967 29.
1201 1937 1238 1949 -

176 1988 338 2042 llessulsm
357 1995 386 2040 et
402 1987 534 2040 Ariaiton
553 1984 725 2040 Pollionem.
743 2001 772 2039 r.
793 1981 856 2037 lnd.
877 1990 906 2036 et
924 1989 992 2035 note
1010 1986 1036 2037 1.
1054 2009 1092 2024 -
1110 1983 1319 2036 aduersarum

188 2065 248 2123 cit,
266 2078 294 2113 v.
313 2058 349 2112 ed
366 2058 441 2112 Ann-
460 2063 497 2124 3,
517 2061 562 2114 16.

260 2136 286 2189 6.
323 2131 379 2183 Nec
395 2131 528 2185 dividatis
545 2131 697 2191 saecuiurn,
719 2145 775 2183 nec
793 2126 851 2181 boc
868 2125 950 2180 vobis
968 2126 1089 2181 concedi
1107 2135 1218 2198 potest,
1249 2137 1285 2181 ut
1305 2129 1375 2182 diri

188 2205 225 2258 tis
243 2205 409 2268 saeculum
426 2203 499 2256 Ern.
536 2202 577 2256 Ne
594 2203 619 2254 d
638 2220 660 2254 ι.
680 2202 758 2254 coni.
789 2199 871 2254 Acid.
898 2199 976 2267 quod
995 2217 1133 2271 recepere
1152 2201 1257 2253 Heum.
1279 2210 1310 2256 et
1328 2203 1365 2254 lie

188 2277 229 2330 Ne
256 2295 330 2332 nnnc
352 2277 408 2328 diu.
432 2294 453 2330 ι.
474 2275 549 2330 coni.
569 2275 617 2328 Or.
635 2303 672 2315 —
696 2277 827 2345 antiquos
846 2291 880 2325 ac
897 2280 1017 2332 oderes,
1044 2291 1077 2326 ν..
1091 2271 1127 2326 sd
1144 2289 1206 2343 cap.
1227 2276 1273 2329 16.
1296 2293 1325 2328 n.
1345 2281 1367 2330 l.

188 2350 224 2404 ad
241 2349 314 2402 Ann.
335 2353 367 2416 1,
388 2353 422 2412 1,
441 2352 467 2405 3.
488 2375 522 2388 -
539 2366 625 2419 quaes
648 2347 680 2400 in
704 2346 748 2400 ed.
767 2345 833 2400 Ber.
853 2363 916 2418 qno.
935 2373 972 2386 -
993 2346 1139 2400 eorundem
1161 2345 1309 2401 hominurn
1338 2372 1368 2393 ’ν’

188 2422 276 2477 iidem
294 2421 441 2488 homines,
461 2421 513 2492 qui
532 2437 578 2476 eos
599 2419 786 2475 audiverunt.

635 2580 829 2638 CAPUT
864 2580 992 2637 xv111„

270 2694 365 2760 Haec
385 2691 460 2758 ideo
482 2692 655 2778 praedixi,
684 2702 739 2774 ut,
762 2696 791 2758 si
819 2713 886 2777 qua
916 2713 956 2754 ex
985 2692 1107 2756 horum
1134 2699 1376 2757 eraserunt·

187 2782 359 2867 gloriaque
377 2781 450 2842 laus
471 2779 677 2862 temporibus
697 2779 896 2861 acquiritur,
917 2775 1054 2839 eandem
1075 2775 1228 2840 docerem
1243 2782 1291 2841 in
1312 2801 1376 2841 ιιιί

187 2867 285 2925 sitem
306 2871 339 2924 et
359 2865 551 2946 propiorem
571 2861 688 2941 nobis,
711 2881 810 2945 quem
830 2857 903 2922 Ser.
926 2858 1068 2940 Galbae,
1091 2858 1127 2922 C.
1150 2858 1301 2924 Carboni
1324 2885 1377 2948 qu=

187 2967 253 3030 qne
280 2947 362 3008 alios
388 2947 508 3008 merito
537 2947 688 3024 antiquos
718 2946 959 3008 vocaverimus.
1008 2941 1096 3005 Sunt
1121 2947 1209 3006 enim
1228 2945 1367 3008 horridi

186 3030 331 3113 impoliti
353 3035 386 3090 et
406 3027 507 3090 rudes
528 3035 562 3090 et
591 3030 750 3090 informes
778 3035 812 3090 et
843 3047 924 3110 quos
953 3029 1084 3090 utinam
1104 3030 1257 3091 imitatus
1280 3051 1349 3092 non
1376 3076 1377 3079 η

188 3121 238 3176 set
258 3111 378 3177 Calvus
399 3121 511 3177 vester
532 3119 591 3172 aut
611 3110 743 3174 Coelius
764 3119 823 3172 eut
843 3113 916 3195 ipse
938 3109 1065 3176 Cicero.
1108 3111 1215 3198 Agere
1238 3115 1377 3176 enimi·

186 3199 253 3260 tius
275 3199 341 3258 iam
363 3203 396 3258 et
416 3192 592 3258 audentius
611 3197 700 3275 volo,
721 3197 751 3257 si
772 3191 855 3256 illud
876 3204 953 3258 ante
966 3193 1174 3278 praedixero,
1196 3200 1328 3261 mutari
1372 3226 1375 3251 ι

185 3280 392 3364 temporibus
412 3283 535 3341 formas
557 3286 591 3340 et
610 3299 732 3366 genera
752 3276 894 3340 dicendi.
937 3275 995 3340 Sic
1016 3277 1133 3342 Catoni
1154 3280 1224 3342 seui
1243 3300 1359 3364 comp
1376 3314 1377 3331 ι

185 3371 240 3426 tus
262 3366 298 3428 G.
321 3361 491 3426 Gracchus
513 3363 643 3445 plenior
664 3371 698 3427 et
718 3363 874 3438 uberior3
906 3363 955 3423 sic
970 3361 1127 3425 Graccho
1148 3365 1292 3446 politior
1314 3375 1347 3427 et
1372 3392 1377 3415 ι

184 3449 296 3510 notior
318 3447 475 3523 Crassum
505 3448 552 3508 sic
576 3455 721 3554 unoque
742 3444 931 3508 distinctior
952 3453 986 3508 et
1006 3447 1169 3508 urbanior
1190 3455 1223 3508 et
1244 3450 1350 3511 altior
1374 3456 1377 3501 l

184 3551 284 3609 cer03
317 3529 479 3594 Cicerone
509 3532 625 3592 mitior
643 3531 820 3593 torvinus
849 3538 882 3592 et
914 3527 1044 3592 dulcior
1065 3537 1098 3593 et
1118 3531 1155 3590 in
1174 3531 1295 3594 verbis
1327 3560 1377 3609 oq

183 3615 379 3677 elaboratus.
423 3613 496 3676 Nec
517 3633 661 3696 quaero,
697 3615 771 3697 quis
794 3611 1050 3676 disertissimus:
1086 3613 1151 3675 boc
1177 3615 1324 3677 interim
1345 3637 1377 3698 pt

183 3697 277 3760 basse
298 3707 472 3762 contentus
493 3718 589 3778 suus,
627 3717 694 3759 non
716 3717 787 3758 esse
809 3717 915 3759 unum
936 3699 1144 3782 eloquentiae
1162 3697 1325 3778 vultum,
1368 3730 1377 3751 .-

183 3781 306 3843 inillis
327 3801 482 3865 quoque,
521 3800 604 3864 quos
632 3783 760 3844 vocetis
790 3783 967 3863 antiquos,
1002 3783 1115 3865 plures
1147 3783 1278 3864 species
1302 3781 1366 3864 dep

183 3863 305 3943 luendi,
328 3885 389 3926 nec
410 3867 523 3928 statim
545 3862 691 3926 deterius
712 3883 795 3944 esse,
818 3863 907 3947 quod
921 3863 1091 3928 diversum
1105 3873 1175 3940 cst3
1197 3865 1286 3926 vitio
1310 3875 1369 3928 aut

182 3949 395 4035 malignitatis
417 3947 579 4010 humanae
598 3955 713 4010 vetera
734 3967 866 4032 semper
886 3951 922 4010 in
948 3947 1066 4030 leude,
1099 3950 1293 4032 praeseutia
1315 3953 1353 4011 in

182 4029 282 4093 stidio
303 4051 384 4094 esse.
427 4031 518 4092 Num
539 4029 730 4094 dubitamus
751 4033 917 4112 inventos,
942 4035 1001 4116 qui
1021 4051 1104 4116 prae
1125 4030 1251 4096 catone
1269 4031 1365 4116 Appi

182 4111 325 4178 Caecum
345 4117 450 4199 magis
471 4117 698 4177 mirarentur?
733 4112 822 4177 Satis
843 4123 990 4198 constat,
1018 4135 1079 4178 nec
1101 4113 1257 4180 Ciceroni
1282 4116 1370 4200 quid

181 4197 419 4262 obtrectatores
439 4195 596 4276 defuisse,
619 4199 739 4281 quibus
761 4201 896 4264 inflatus
923 4209 957 4264 et
985 4209 1115 4262 tumens
1137 4217 1198 4262 nec
1218 4201 1306 4262 sutis
1329 4221 1372 4284 pr

181 4301 256 4363 sus,
295 4281 353 4346 sed
373 4301 477 4366 supra
497 4279 633 4345 modum
655 4285 820 4348 exsultans
843 4294 876 4348 et
897 4288 1107 4368 superfluens
1130 4292 1164 4347 et
1207 4301 1314 4344 arum
1336 4285 1378 4346 ΔῘ

180 4383 237 4428 cus
257 4365 442 4431 videretur.
496 4364 639 4454 Legistis
661 4370 778 4452 utique
799 4376 833 4432 et
855 4367 949 4434 Calvi
970 4377 1004 4431 et
1023 4365 1172 4430 Brutis
1216 4365 1367 4432 Ciceron
