2904 4802
182 239 245 305 lto
493 235 716 304 DIALOGUS
737 239 795 302 DE
817 237 1103 305 ORATORIBUS.

180 407 276 471 vobis
298 407 415 490 utique
436 404 606 470 Ciceronis
627 407 732 486 liber,
771 409 829 492 qui
855 407 978 470 Brutus
1000 407 1210 488 inscribitur,
1248 407 1282 467 in
1306 409 1403 468 cuias

180 499 326 553 extrema
346 497 441 574 parte
462 486 552 567 (nam
573 492 669 574 prior
690 494 1031 555 commemorationem
1051 500 1202 556 veterum
1230 499 1403 552 oratorum

181 573 295 649 babet)
317 595 377 636 sua
398 575 514 656 initia,
536 593 613 637 suos
633 573 774 659 gradus,
797 596 876 638 suae
898 577 1104 660 eloquentiae
1125 575 1216 638 velut
1237 573 1402 656 quandam

182 657 411 722 educationem
438 661 561 720 refert:
599 677 635 720 se
665 656 754 740 apud
786 655 826 739 Q
860 656 1013 722 Mucium
1033 661 1087 722 ins
1109 659 1207 722 civile
1229 653 1401 730 didicissc5

182 739 271 824 apud
301 740 470 802 Philonem
497 739 750 819 Academicum,
784 741 874 824 apud
901 741 1083 806 Diodotum
1111 739 1258 803 Stoicum
1287 758 1401 800 omnes

180 826 409 910 philosophiae
429 835 540 908 partes
561 826 694 909 penitus
716 825 881 901 hausisse3
910 845 1017 908 neque
1038 827 1090 888 his
1112 823 1302 886 doctoribus
1327 843 1401 882 con-

180 917 328 987 tentum,
358 927 503 992 quorum
524 911 555 970 ei
577 910 672 992 copia
693 911 728 968 in
749 907 838 970 Urbe
859 912 1062 1010 contigerat,
1091 907 1248 970 Achaiam
1270 925 1403 990 qnoque

180 1001 214 1056 et
240 992 353 1054 Asiam
384 1011 598 1078 peragrasse,
640 999 678 1052 ut
707 1010 836 1054 omnem
870 1012 1020 1054 omnium
1054 994 1178 1054 artium
1206 993 1401 1055 varietatem

72 1115 77 1126 ·
179 1075 467 1160 complecteretur.
516 1073 634 1157 Itaque
663 1075 799 1138 hercule
828 1077 864 1136 in
893 1077 988 1138 libris
1018 1073 1187 1138 Ciceronis
1220 1073 1403 1158 deprehen-

180 1159 259 1223 dere
273 1161 375 1240 licet,
397 1179 464 1222 non
485 1161 695 1246 geometriae,
717 1177 783 1219 uon
806 1159 961 1238 musicae,
983 1179 1049 1222 non
1070 1161 1315 1245 grammaticae,
1337 1175 1401 1218 uon

180 1241 321 1326 denique
342 1243 443 1304 ullius
464 1245 625 1329 ingenuae
646 1243 728 1304 artis
740 1243 911 1304 scientiam
932 1245 963 1306 ei
983 1242 1134 1306 defuisse.
1176 1243 1234 1320 llle
1256 1241 1403 1304 dialecti-

180 1345 237 1388 cae
258 1327 492 1404 subtilitatem,
526 1328 582 1388 ille
603 1327 737 1386 moralis
758 1329 863 1408 partis
885 1329 1083 1406 utilitatem,
1117 1327 1176 1388 ille
1196 1346 1313 1389 rerum
1335 1345 1403 1386 mo-

178 1418 233 1472 tus
255 1429 435 1494 causasque
456 1411 620 1496 cognovit
663 1409 715 1471 lta
735 1412 824 1471 enim
839 1419 900 1486 est,
922 1412 1041 1494 optimi
1057 1413 1136 1490 viri,
1150 1411 1214 1471 itas
1238 1431 1279 1472 ex
1298 1411 1400 1478 multa

179 1493 369 1557 eruditione
388 1501 422 1556 et
442 1495 594 1578 pluribus
615 1494 743 1556 artibus
772 1503 807 1556 et
832 1497 981 1557 omnium
1003 1513 1117 1556 rerum
1138 1495 1278 1557 scientia
1298 1515 1401 1556 exun-

179 1577 236 1640 dat
257 1587 291 1641 et
311 1579 471 1642 exuberat
490 1579 547 1640 illa
566 1576 771 1640 admirabilis
794 1579 999 1661 eloquentia3
1039 1598 1146 1660 neque
1176 1579 1322 1640 oratoris
1349 1579 1400 1638 uis

178 1673 212 1726 et
232 1665 389 1736 facultas,
413 1665 499 1724 sicut
520 1671 708 1724 ceterarum
729 1683 862 1742 rerum,
884 1664 1033 1751 angustis
1055 1673 1089 1724 et
1109 1663 1266 1725 brevibus
1288 1663 1400 1722 termi-

179 1748 234 1826 nis
252 1745 418 1826 cluditur,
440 1744 547 1810 sedis
568 1755 619 1808 est
639 1754 770 1818 orator,
794 1749 852 1828 qui
877 1746 918 1810 de
938 1747 1028 1808 omni
1050 1747 1242 1828 quaestione
1262 1745 1400 1829 pulchre

177 1840 211 1894 ct
231 1839 348 1894 ornate
368 1840 402 1892 et
421 1829 463 1892 ad
483 1828 749 1914 persuadendum
771 1839 846 1913 apte
868 1829 991 1910 dicere,
1013 1850 1075 1912 pro
1095 1827 1254 1914 dignitate
1275 1849 1398 1906 rerum,

177 1914 220 1978 ad
240 1915 416 1977 utilitatem
437 1923 642 1998 temporum,
665 1932 741 1974 cum
762 1915 931 1998 voluptate
952 1913 1160 1976 audientium
1181 1916 1296 1996 possit

248 2073 274 2122 1.
314 2067 434 2136 Quorum
459 2067 595 2138 professio
613 2069 724 2140 qnando
739 2071 861 2138 primurn
878 2097 915 2109 ·-
934 2086 1069 2141 quamque
1086 2071 1195 2122 nnllam
1213 2096 1249 2108 -
1267 2065 1398 2124 babuerit,

175 2147 276 2196 statim
302 2142 443 2200 dicturus,
471 2143 510 2204 (c.
530 2145 590 2200 35.)
612 2141 732 2211 referam
756 2160 859 2196 necesse
884 2149 923 2195 est
942 2150 996 2195 cst.
1036 2143 1080 2195 lta
1103 2143 1202 2194 locum
1227 2139 1397 2193 mendosum

176 2223 257 2268 recte
276 2215 436 2268 correxisse
455 2213 574 2267 videtur
592 2213 682 2268 Gran.
703 2213 774 2266 obss.
792 2219 819 2274 3,
839 2219 951 2268 dextr.
978 2229 1066 2282 quem
1092 2214 1185 2268 secuti
1210 2220 1277 2265 sunt
1296 2213 1395 2265 Heum.

178 2287 243 2358 Bip.
263 2288 312 2342 ob.
337 2287 427 2340 Beklc.
453 2288 527 2339 hiin.
565 2286 660 2340 Prima
687 2302 758 2340 vero
786 2287 889 2356 capitis
907 2285 979 2336 XXX
998 2285 1086 2339 verbs
1104 2287 1137 2338 in
1157 2285 1218 2340 edd.
1239 2285 1289 2338 Ob.
1308 2285 1394 2338 aska.

178 2358 250 2426 Liin.
271 2369 338 2414 sunt
359 2362 607 2430 &despicientiam
640 2360 671 2412 in
700 2359 804 2412 ceteris
823 2358 953 2427 Referam
970 2377 1073 2412 maesse
1091 2367 1152 2412 est.-
1179 2373 1252 2428 quse
1271 2359 1395 2428 capitum

176 2433 334 2487 divisiones
353 2434 447 2486 minus
466 2449 551 2501 quam
570 2439 667 2486 nostra
692 2431 852 2486 sententiae
869 2430 897 2484 h.
915 2432 935 2485 1.
962 2447 1018 2485 con
1079 2449 1130 2486 ere
1151 2431 1298 2486 videntur.
1335 2448 1397 2502 qao-

175 2525 238 2560 rum
257 2505 378 2559 debetur
396 2503 486 2558 liban.
525 2512 689 2576 niquarum
715 2505 758 2558 ed.
778 2521 823 2574 pr.
844 2507 905 2558 Put.
925 2504 987 2556 liir.
1032 2521 1073 2557 er.
1093 2505 1184 2558 liban.
1205 2509 1230 2559 1.
1267 2521 1397 2576 quemme

175 2607 212 2618 -
230 2579 356 2632 babuerit
374 2595 410 2632 ax
431 2577 541 2631 emend.
562 2577 653 2631 Gron.
688 2596 849 2648 quanquam
865 2605 902 2616 -
920 2577 1017 2630 babuit
1036 2577 1079 2630 ed.
1099 2595 1144 2648 pr.
1166 2580 1227 2632 Put.
1248 2577 1312 2630 lttv.
1331 2577 1394 2629 Ber.

175 2649 266 2705 Rhsn.
287 2656 310 2705 1.
334 2668 466 2723 quamque
477 2649 611 2703 —babuit
623 2649 714 2704 liban.
732 2655 759 2707 2
778 2655 804 2706 3.
825 2649 889 2702 Ald.
910 2650 989 2719 Lips.
1026 2649 1239 2704 habuiistatirn
1257 2651 1396 2702 decuriis.

175 2723 294 2792 referam
315 2741 339 2776 c.
359 2723 443 2776 Farn.
470 2722 534 2776 edd.
554 2722 632 2792 Spin.
652 2725 714 2775 Put.
735 2723 798 2776 llir.
818 2725 883 2776 Ber.
903 2721 994 2776 liban.
1015 2731 1088 2790 tres,
1117 2725 1183 2778 Ald.
1204 2724 1279 2794 Lips.
1317 2723 1396 2794 Hanc

175 2797 349 2862 lectionem,
376 2796 431 2849 etsi
450 2803 635 2864 corruptam,
653 2795 839 2849 retinuerunt
859 2796 910 2848 Dr.
930 2796 974 2850 Os.
995 2798 1042 2850 Or.
1071 2797 1120 2852 sed
1139 2797 1296 2857 asterisco,
1322 2797 1395 2847 lucu·

175 2887 230 2923 nae
249 2869 381 2932 indicio,
401 2875 466 2938 post
484 2871 572 2921 curiis
589 2867 702 2937 posito,
722 2869 773 2936 qui
793 2870 824 2924 in
843 2869 920 2921 libro
940 2869 1035 2940 Lipsii
1052 2878 1120 2923 anta
1138 2870 1213 2923 hanc
1231 2884 1334 2922 vocem
1353 2883 1395 2918 re·

175 2941 299 3012 peritur.
311 3005 314 3010 ,
326 2941 432 3002 babuit,
450 2944 547 2993 statim
565 2941 683 2994 decursis
700 2939 743 2993 his
763 2941 814 3004 (sc.
835 2941 931 2992 dicam
950 2961 972 2994 s.
992 2943 1145 3012 promam).
1181 2937 1310 3008 liesrrans
1327 2955 1395 2992 nunc

175 3021 229 3066 cei.
250 3029 326 3065 corr.
351 3013 430 3081 Lips.
468 3011 580 3072 babuit,
605 3018 705 3066 statim
728 3015 851 3067 messere.
889 3012 1022 3080 Referam
1045 3013 1118 3066 Rud.
1165 3013 1293 3078 cricala,
1317 3009 1392 3064 Picis.

174 3085 258 3138 Bern.
284 3085 374 3138 Gran.
398 3085 470 3140 Era.
491 3085 527 3137 sl.
570 3085 679 3148 babuit,
707 3093 807 3140 statim
834 3087 962 3139 audietis.
998 3086 1128 3154 Referam
1176 3085 1229 3138 ish.
1263 3085 1394 3142 babuerit,

173 3161 275 3212 statim
293 3158 392 3210 dicam.
430 3156 509 3210 Prius
527 3157 648 3227 referam
666 3159 746 3210 Acid.
768 3167 796 3212 et
815 3157 881 3212 Sch.
920 3159 1030 3218 babait,
1051 3159 1150 3212 Ssstarn
1169 3158 1208 3226 (v.
1221 3159 1399 3230 cap.35pr.)-

173 3231 298 3282 docuerit
315 3227 456 3283 Schursfl.
477 3228 601 3283 offensus
620 3227 651 3282 in
668 3231 773 3300 primis
791 3247 855 3285 voe.
874 3237 988 3291 statim,
1012 3231 1081 3301 quia
1101 3231 1137 3284 de
1156 3229 1319 3285 rhetoribus
1338 3229 1392 3281 dis·

173 3309 295 3374 putetur
312 3301 427 3356 demum
448 3317 510 3371 esp.
531 3305 575 3358 ³5.
603 3302 747 3364 babuerit,
775 3303 890 3358 diaetsr.
927 3303 1008 3358 Pisa
1031 3303 1152 3373 nferasn
1169 3301 1312 3374 Tyrsrhit.
1348 3303 1393 3354 lsa-

173 3377 278 3436 buerit,
297 3379 395 3429 statim
412 3375 534 3429 edicturm
551 3393 612 3429 suen
630 3377 790 3430 volaticam
808 3380 1068 3430 annueremus
1086 3381 1117 3430 in
1135 3379 1248 3431 dem
1265 3378 1393 3430 censoriis

172 3448 308 3502 80111-
339 3445 479 3518 professio
504 3465 608 3502 munus
631 3449 767 3503 docendis
801 3465 867 3502 nam
890 3451 1021 3520 profiteri
1037 3457 1147 3516 mem,
1174 3449 1390 3511 institutionem,

172 3521 383 3595 grammaticen
402 3528 457 3573 cet.
477 3518 534 3572 hoc
553 3537 622 3574 aevo
642 3522 704 3575 dici
724 3521 821 3594 coepit
839 3537 914 3592 pro:
941 3521 1093 3592 profiteri,
1113 3539 1166 3576 ncs
1184 3523 1297 3577 madero
1316 3521 1390 3576 velle

173 3595 242 3646 arth
260 3600 429 3663 praeceptat
465 3593 542 3646 unde
566 3602 663 3646 ortum
687 3601 729 3648 est
751 3593 920 3665 professuris
938 3611 1062 3660 nosnen3
1081 3595 1185 3652 Sclsuis.
1220 3595 1269 3649 sio
1287 3601 1391 3667 sapien-

174 3671 231 3718 tiae
250 3663 476 3735 (philosophiae)
492 3662 660 3734 professores
678 3667 749 3741 Agr.
764 3671 792 3724 2
811 3695 847 3708 -
883 3669 922 3720 ad
937 3683 998 3722 earn
1016 3669 1210 3738 disciplinans,
1235 3667 1389 3720 institutio·

174 3755 256 3800 uem,
276 3745 309 3788 ut
328 3754 395 3790 mox
414 3741 584 3807 eloquentiae
601 3742 674 3793 velat
690 3743 831 3810 quandam
850 3743 1058 3807 educationem
1078 3742 1229 3801 Sedula-¹·
1247 3759 1307 3794 usos
1327 3739 1389 3792 sub·

173 3810 269 3863 stituit
292 3810 406 3878 primus
428 3809 522 3863 liben.
546 3827 601 3880 pro
626 3831 714 3866 ausos.
734 3841 769 3852 —
805 3818 972 3884 accepimus,
999 3835 1026 3870 r.
1046 3815 1081 3869 ad
1099 3817 1173 3868 Anu.
1196 3820 1225 3880 1,
1244 3817 1293 3880 67,
1315 3819 1338 3867 1.
1356 3839 1389 3850 -

174 3887 204 3939 in
222 3886 300 3934 omni
317 3899 414 3950 genere
430 3885 585 3936 studiorum
603 3889 811 3940 eatrcitaticnes
840 3886 904 3941 edd.
933 3904 1032 3942 omnes
1062 3895 1091 3941 et
1118 3896 1175 3944 vet.
1203 3895 1232 3941 et
1255 3903 1314 3940 rec.
1333 3884 1387 3936 nisi

172 3953 250 4025 quod
269 3958 474 4009 exercitationis
493 3956 601 4024 (prisca
619 3957 733 4028 script.)
753 3958 846 4012 estin
865 3961 909 4016 ed.
928 3978 973 4030 pr.
994 3964 1072 4014 etin
1091 3979 1116 4013 a.
1135 3979 1163 4030 g.
1182 3959 1306 4015 ussisse
1322 3975 1388 4010 eaer-

172 4031 319 4113 citationes
337 4027 368 4079 in
388 4023 465 4115 Μβὸ.
482 4028 544 4083 Vat.
556 4036 585 4082 et
604 4028 667 4084 edd.
678 4029 729 4084 Dr.
740 4032 783 4085 Os.
798 4031 846 4086 Or.
884 4031 984 4100 „Quae
1002 4034 1074 4088 duae
1093 4033 1235 4088 lectiones
1255 4033 1294 4085 ita
1312 4047 1388 4084 coru-

171 4107 977 4248 32:2²tttttts'zt·stitiiittitttt‘ffll‘tttt
998 4105 1227 4254 {Sintiis}
1253 4123 1389 4232 :titt

172 4263 201 4318 p.
222 4249 284 4301 111.
311 4247 414 4316 quibus
438 4245 509 4300 adde
534 4247 595 4300 Gic.
626 4266 670 4319 ep.
695 4249 730 4302 ad
757 4253 823 4304 sarsi.
845 4255 897 4316 10,
916 4255 952 4312 3,
970 4255 996 4305 1.
1041 4253 1117 4304 Hinc
1146 4253 1295 4321 suspicor,
1328 4265 1386 4302 voc.

170 4320 326 4373 studiorum
346 4324 481 4373 nontam
501 4317 641 4374 excidisse
661 4321 691 4373 in
709 4323 801 4389 Vstt.,
836 4339 919 4390 quam
949 4325 980 4375 in
1006 4323 1050 4377 ed.
1076 4322 1152 4394 Spir.
1180 4325 1276 4378 eiusne
1293 4321 1387 4376 arche·

172 4401 242 4463 typo
271 4400 363 4448 ortam
390 4408 449 4446 esse
473 4409 488 4445 e
514 4392 590 4447 male
613 4393 691 4448 lactc
717 4413 744 4448 v.
764 4395 917 4450 assiduae.''
946 4397 1018 4452 Orel.
1055 4397 1112 4452 Sed
1139 4397 1163 4451 si
1187 4397 1300 4469 Lipsius
1317 4397 1346 4448 in
1363 4411 1385 4446 e.
