2756 4792
181 173 243 238 301
311 191 319 202 ·
596 171 845 238 AGRICOLAE
875 173 996 238 VITA.

183 341 719 482 tttt¹,tniit⁰;²tttttt„tttf
737 343 1370 483 miiit⁸3itteiitttiiti

183 491 260 546 rint,
278 503 311 542 er
328 487 427 540 essedis
444 485 581 538 desiliunt
598 493 626 538 et
640 485 756 554 pedibus
770 488 958 558 proeliantur.
995 486 1118 556 Aurigae
1141 489 1255 542 interim
1268 490 1370 558 paulatin

182 579 214 613 er
230 559 338 628 proelio
356 559 486 612 madunt
503 567 584 630 atque
603 562 647 610 ita
664 575 761 611 currus
779 562 935 622 collocant,
955 565 1004 618 ut,
1027 563 1055 612 ei
1072 561 1120 613 illi
1137 577 1155 610 o
1171 562 1335 614 multitudine
1348 557 1370 608 lu

182 637 270 686 stium
284 639 467 700 premuntur,
491 633 647 702 expeditum
674 629 713 682 ad
733 649 795 686 suos
820 641 958 702 receptum
982 631 1109 684 habeant.
1154 633 1199 687 lta
1227 634 1370 686 mobilitates

182 709 321 776 equiturn,
352 706 541 758 stabilitatem
583 704 688 755 editum
715 708 744 757 in
768 707 887 777 proeliis
909 713 1058 773 praestant
1074 724 1107 758 ac
1124 715 1237 760 tontran
1255 709 1370 776 usuquoti

182 779 270 832 diano
287 785 313 828 et
331 781 523 831 exercitatione
541 723 685 844 stiterunt,
725 781 771 830 uti
792 781 824 830 in
850 777 949 832 declini
974 796 1007 830 ac
1024 783 1178 848 praecipiti
1201 783 1259 832 ioco
1277 783 1370 831 incitato

183 870 263 924 equos
280 853 413 904 sustinere
433 857 460 901 et
478 851 551 903 breui
568 851 709 902 moderari
726 869 760 902 ac
771 850 885 918 flectere
903 858 929 902 et
939 869 993 920 per
1011 859 1144 905 temonem
1159 853 1370 923 percurrerent

182 927 250 996 iugo
278 926 406 976 insistere
434 931 462 974 et
486 924 548 975 inde
565 941 593 976 se
611 926 643 976 in
661 939 756 976 currus
774 926 909 976 citissime
928 927 1045 994 recipere
1064 931 1230 978 consuerint.
1269 925 1370 990 Quantus

185 1015 220 1051 ex
238 995 283 1048 his
302 996 399 1049 verbis
419 995 550 1048 indicere
569 995 656 1060 licet,
688 999 802 1049 coninua
820 996 869 1048 rel
889 995 985 1049 esseda
1003 996 1059 1048 fuit
1078 1013 1182 1050 currus
1201 998 1332 1062 bellicus,
1357 993 1370 1044 si

183 1069 263 1122 milis
282 1069 403 1122 fortasse
422 1067 499 1142 bigis
520 1075 548 1120 et
568 1067 718 1154 quadrigis
738 1067 931 1132 circensibus,
960 1069 1012 1137 qui
1031 1068 1108 1121 nihil
1126 1071 1182 1123 nisi
1200 1071 1274 1124 rotis
1292 1067 1370 1138 impos

184 1150 244 1194 tam
263 1141 364 1194 sellam
384 1142 508 1215 (cippos)
527 1139 645 1206 habuit,
680 1159 713 1192 sn
737 1157 794 1209 qua
818 1140 902 1194 miles
926 1149 955 1194 et
973 1142 1076 1216 surige
1094 1143 1242 1207 sederent3
1265 1143 1342 1195 Obori.
1362 1155 1370 1190 a

185 1214 265 1268 Caes.
285 1214 316 1264 in
335 1213 398 1266 lud.
420 1213 481 1266 Lat.
521 1216 681 1268 scrinarius
709 1221 736 1265 et
760 1225 837 1284 eques
857 1211 920 1266 edd.
940 1231 1000 1266 rec.
1020 1233 1056 1266 ex
1079 1215 1192 1268 emend.
1220 1215 1309 1268 llben.
1335 1215 1370 1266 coe

185 1292 283 1340 narius
302 1285 436 1354 (adiect.)
465 1304 541 1356 eques
560 1283 625 1338 edd.
645 1293 702 1338 vet.
725 1286 812 1354 idque
832 1283 963 1339 defendit
980 1285 1099 1340 Walch.
1121 1288 1172 1356 qui
1192 1289 1306 1358 copiose
1322 1299 1370 1353 supi

184 1359 238 1412 hac
266 1375 299 1411 re
325 1358 487 1428 disputavit
505 1375 533 1428 p.
554 1361 719 1414 367-380.
747 1367 776 1412 et
794 1361 963 1414 tes-etc.
1005 1358 1185 1424 „Contendit
1210 1363 1304 1424 enim,
1332 1373 1370 1426 epu

185 1440 298 1487 veteres
316 1431 474 1501 scriptores
494 1430 610 1482 nullum
631 1431 712 1486 inter
731 1431 892 1500 equitatum
910 1439 997 1499 atque
1016 1431 1176 1486 essedarios
1196 1433 1347 1486 discrimen
1359 1429 1370 1480 ‘u

185 1505 351 1570 tercedere,
388 1512 416 1557 et
440 1503 537 1555 minus
563 1511 664 1572 patere
689 1521 721 1557 ea
748 1521 821 1572 quae
847 1503 922 1557 Mela
947 1503 983 1556 de
1007 1503 1063 1557 hac
1088 1521 1139 1570 re,
1174 1513 1208 1557 ut
1227 1506 1264 1560 de
1283 1503 1370 1558 omnibs

186 1577 271 1632 rebus
290 1576 487 1641 Britannicis,
516 1592 575 1630 non
600 1577 668 1629 satis
693 1585 830 1630 accurate
849 1584 877 1628 et
895 1577 1052 1646 perspicue
1069 1577 1245 1644 tradiderim
1273 1577 1320 1630 ubi
1338 1589 1370 1626 re

184 1667 230 1722 ap.
257 1650 337 1704 Caes.
363 1649 389 1702 b.
418 1649 452 1702 G.
472 1654 508 1713 l,
528 1653 572 1706 11.
599 1657 629 1702 et
646 1651 681 1716 5,
700 1654 727 1705 9.
765 1653 904 1721 equitatus
932 1657 961 1700 et
984 1651 1116 1704 meciaris·
1139 1653 1370 1705 commemorent

185 1723 311 1799 figuram
334 1723 362 1776 ln
386 1721 432 1776 διὰ
456 1721 532 1777 δυοῖν
560 1720 750 1776 adhibendam
777 1739 836 1776 esse
862 1721 898 1774 sd
915 1721 977 1775 eius
996 1722 1156 1778 locutionis
1175 1723 1370 1794 explicatione

185 1796 242 1851 Sed
260 1812 358 1868 pmnes
379 1811 445 1846 cum
465 1795 538 1848 Mela
559 1795 743 1848 consentiunt
763 1795 941 1866 scriptores,
974 1793 1044 1848 dum
1070 1796 1152 1849 aliud
1174 1795 1306 1849 militum
1326 1809 1370 1866 geu

186 1868 343 1924 essedarios
362 1885 383 1919 s.
405 1867 587 1930 covinarios,
620 1865 702 1919 uliud
721 1869 830 1936 equites
850 1874 995 1934 statuunt,
1028 1867 1117 1936 licet,
1148 1869 1260 1944 aurigis
1280 1883 1361 1933 excep

186 1941 237 2010 qui
256 1941 287 1992 in
306 1939 410 1994 essedis
429 1938 635 2006 remanebant,
655 1939 723 1992 illos
744 1957 860 2009 quoque
880 1944 982 2012 equites
1002 1939 1121 1994 dixeris.
1160 1941 1203 1995 cf.
1225 1942 1304 1996 Caes.
1323 1942 1347 2002 l,

186 2015 296 2088 Figura
315 2019 411 2064 autem
429 2012 457 2066 ir
476 2013 522 2066 deci
541 2011 617 2066 ducta
644 2013 728 2066 nullo
752 2029 872 2082 prorsus
900 2013 985 2066 modo
1010 2013 1142 2066 adbiberi
1166 2021 1265 2084 potest
1285 2011 1333 2064 ini.
1352 2011 1370 2080 ⁰l

185 2091 229 2143 36.
250 2093 279 2139 et
297 2083 465 2154 quibusdam
486 2084 614 2138 Caesaris
633 2085 723 2152 locis,
742 2093 776 2137 ut
793 2089 829 2152 t,
848 2087 892 2141 32.
930 2088 1044 2139 simut
1064 2091 1190 2158 equitatu
1214 2096 1299 2158 atque
1321 2085 1370 2136 essi

185 2158 421 2212 circumdederant
439 2159 567 2228 reliquos.
605 2157 661 2211 Sed
681 2157 706 2210 is
725 2159 867 2210 maximus
887 2167 930 2212 est
947 2159 1007 2210 viri
1025 2158 1188 2212 doctissimi
1208 2176 1313 2225 error,
1340 2169 1370 2223 qu

186 2233 239 2286 int.
260 2248 323 2300 cap.
343 2234 386 2286 36.
408 2231 536 2294 (interim
554 2237 674 2301 equiturn
692 2240 802 2284 turmae
813 2229 933 2302 sugere,
966 2234 1108 2284 scrinarii
1121 2233 1249 2301 pediturn
1268 2251 1297 2286 se
1312 2233 1370 2299 proi

186 2302 330 2371 miscuere)
350 2307 469 2372 equiturn
490 2312 596 2356 turmas
614 2304 650 2358 de
668 2304 884 2370 Romanorum,
915 2320 975 2356 non
1002 2303 1038 2356 dc
1056 2305 1269 2358 Britannorum
1289 2302 1370 2372 equiti

187 2377 313 2446 accipit,
349 2375 460 2428 nullam
486 2377 575 2429 uliam
603 2377 638 2430 ob
659 2394 788 2443 causam,
823 2395 909 2446 quem
938 2376 1016 2444 quod
1035 2378 1271 2446 praeiudicatum
1291 2373 1370 2444 sequi

187 2449 367 2522 opinionem,
388 2449 504 2502 nullum
524 2467 584 2504 esse
603 2449 682 2503 inter
701 2450 813 2518 equites
833 2457 862 2502 et
882 2448 1045 2502 covinarics
1062 2449 1241 2504 discrimen:
1262 2467 1329 2503 num
1344 2461 1370 2514 qt

186 2527 311 2595 equiturn
329 2529 437 2576 turmas
456 2522 491 2576 de
509 2522 646 2576 Romanis
665 2530 779 2574 tantum
800 2521 861 2574 dici
881 2521 1052 2588 contendit,
1088 2523 1242 2576 refellitur
1269 2509 1370 2586 locc'l

186 2597 263 2650 Anu.
285 2597 337 2660 ll,
356 2599 400 2650 34.
421 2613 507 2664 quem
527 2595 588 2665 ipse
608 2595 748 2661 contulit,
775 2595 993 2658 (Britannorum
1018 2599 1113 2664 copiae
1138 2601 1246 2664 passim
1269 2613 1322 2667 per
1339 2591 1370 2664 cd

186 2687 234 2724 ras
252 2675 280 2720 et
297 2675 407 2722 turmas
429 2670 618 2734 nsabahnt)
639 2675 668 2721 et
687 2668 718 2719 in
739 2668 793 2720 illa
814 2667 879 2721 loco
898 2667 969 2741 Agr.
986 2671 1032 2722 36.
1054 2667 1089 2722 de
1106 2668 1323 2723 Britannorum
1343 2679 1370 2734 eq

184 2742 269 2795 tibus·
282 2739 341 2815 agi,
362 2741 430 2795 inde
450 2743 507 2794 iem
525 2747 615 2811 petet,
636 2741 715 2809 quod
734 2740 877 2793 covinsrii
899 2757 957 2792 una
976 2757 1044 2792 cum
1063 2741 1195 2810 equitum
1215 2741 1330 2794 turmis
1348 2741 1370 2792 ct

187 2821 406 2881 metuerentur,
444 2821 602 2884 propterea
630 2811 708 2881 quod
729 2821 888 2882 utrumque
914 2810 971 2865 hoc
994 2811 1125 2866 militum
1181 2833 1237 2866 nus
1259 2813 1370 2876 conium

188 2887 299 2938 viribus
333 2886 475 2958 impetum
503 2887 600 2940 fecere
630 2886 740 2940 solebat
767 2885 800 2937 in
829 2885 977 2940 adversam
1005 2889 1106 2940 aciem.
1142 2832 1241 2939 litun
1268 2903 1341 2939 veru
1366 2877 1370 2938 l

75 2963 81 2976 “
186 2957 358 3025 Wulchius,
379 2977 470 3029 quum
490 2957 582 3024 dicit,
609 2959 813 3012 Britannorum
832 2974 936 3012 vocem
953 2957 1022 3010 eddi
1040 2957 1190 3025 debuisse,
1220 2959 1249 3012 si
1271 2958 1309 3012 ad
1328 2957 1370 3024 bat

188 3049 253 3084 rum
274 3032 438 3102 equitatum
458 3031 628 3086 referendae
647 3038 739 3086 essent
757 3037 878 3102 equiturn
896 3039 1023 3094 marae,
1043 3047 1132 3099 quum
1152 3032 1187 3086 de
1207 3029 1370 3088 Britannol]

186 3105 269 3158 clade
297 3121 384 3157 versu
409 3103 543 3173 prcuime
565 3105 759 3176 praecedente
787 3104 918 3181 agatur?
953 3103 1110 3157 Boetticber
1141 3105 1174 3156 in
1199 3104 1275 3157 Lex.
1304 3103 1370 3156 Tac*

187 3181 248 3233 131.
263 3205 300 3218 -·-
318 3179 440 3244 strepitu
459 3196 493 3230 ac
510 3177 635 3231 discursu
652 3177 744 3241 brevi,
765 3193 825 3231 non
845 3177 1000 3241 contiuu03
1023 3176 1128 3230 Waleb.
1168 3177 1211 3230 cf.
1233 3177 1331 3232 verba
1352 3141 1370 3242 ll

185 3254 220 3315 t,
239 3255 283 3306 33.
304 3247 390 3301 modo
409 3248 526 3302 laudata
544 3258 573 3304 et
591 3249 654 3302 Iud.
676 3249 730 3301 lll.
749 3267 777 3302 v.
797 3249 999 3320 Hendiadyoin.
1369 3315 1370 3326 γ

255 3327 283 3378 6.
321 3331 469 3387 superante
488 3323 609 3375 bostium
628 3322 805 3376 multitudine
832 3339 871 3376 sc.
891 3322 1113 3388 multitudinem
1130 3336 1278 3389 suorum,
1314 3329 1370 3386 aut¹

185 3396 244 3448 tius
262 3393 435 3448 abundante.
463 3411 491 3448 ν.
511 3395 547 3448 ad
565 3396 600 3447 H.
619 3400 653 3460 1,
672 3399 727 3461 51,
745 3399 771 3449 ll.
791 3417 827 3436 -·
855 3397 941 3450 simut
966 3401 997 3448 in
1015 3393 1145 3463 frontem
1172 3399 1267 3449 strant
1286 3407 1317 3450 et
1336 3389 1370 3458 Iol

186 3487 213 3522 r.
234 3465 365 3520 adrian.
384 3469 417 3533 6,
436 3469 481 3523 51.
502 3495 535 3510 -
554 3469 673 3522 diductis
691 3468 848 3521 ordinibuse
866 3467 1007 3535 „Quoties
1025 3467 1192 3536 periculum
1211 3478 1302 3534 erat,
1325 3467 1370 3542 nei

185 3549 240 3594 stes
258 3539 403 3609 'producto
423 3541 515 3594 altero
535 3541 692 3594 aut'etiem
710 3549 836 3610 utroque
863 3559 931 3594 suae
960 3539 1035 3594 aciei
1054 3556 1147 3594 cornu
1165 3540 1370 3616 circumveni}

183 3613 296 3676 aciem,
320 3613 414 3682 (quod
431 3613 581 3684 annessae
598 3621 628 3668 et
644 3614 866 3688 impostayyrtr
884 3613 1008 3678 dicitur)
1027 3612 1076 3666 rel
1094 3612 1151 3681 ipsi
1171 3613 1269 3667 etiam
1292 3617 1370 3682 suos}

184 3694 242 3740 stes
260 3685 399 3739 volebant
416 3687 501 3762 ineps
532 3683 617 3748 duae,
656 3695 719 3738 tum
739 3703 854 3741 necesse
874 3695 936 3740 erut
954 3681 1184 3745 dmtuaedi'sudae
1202 3685 1237 3740 ni
1271 3689 1370 3766 μῆκοςῇ

183 3757 343 3830 φάλαγγος,
363 3760 457 3812 diduci
474 3705 594 3826 stibna,
613 3759 763 3830 duplicari
780 3759 856 3812 aciei
874 3758 1111 3834 longitudinem
1142 3755 1370 3844 iubebantquep

182 3829 325 3895 ἐπισπάτας
341 3833 566 3902 pereffluis-errice
583 3829 771 3906 παραστάτην,
804 3830 833 3884 h.
860 3850 883 3885 e.
910 3839 959 3895 ut,
989 3831 1041 3900 qui
1060 3830 1143 3899 prius
1162 3845 1245 3899 pone
1268 3849 1370 3914 sequep

183 3913 233 3958 tur
252 3911 281 3956 et
300 3913 395 3958 essent
422 3901 578 3966 tarcodius,
615 3905 778 3959 transirent
803 3905 840 3957 ad
865 3905 939 3958 letus
963 3906 1014 3958 zain
1036 3906 1232 3974 πρωτοστατῶν
1265 3915 1300 3960 et
1332 3907 1370 3964 fie

182 3975 362 4049 repercutitur.
397 3977 448 4031 sio
467 3979 613 4032 erescebat
631 3980 665 4034 ei
680 3981 765 4049 μῆκος
783 3980 830 4044 τῆς
847 3976 998 4050 φάλαγγος.
1033 3973 1370 4050 v.casaub.adl³01,i

181 4055 213 4114 2,
234 4054 284 4116 10,
302 4055 329 4105 q,
349 4052 450 4124 Veget·
470 4054 502 4112 3,
521 4053 566 4106 2⁰.
587 4051 729 4105 Onossnd.
749 4050 837 4104 suet.
859 4069 883 4103 c.
903 4050 966 4106 21.”
996 4047 1071 4101 Vtut
1114 4047 1181 4114 „Gi
1209 4057 1247 4102 et
1281 4051 1370 4134 Dukp

182 4123 245 4176 hir.
264 4125 298 4190 5,
318 4125 363 4178 28.
400 4121 457 4176 Sed
475 4125 595 4178 fumasse
614 4124 643 4178 le
666 4161 673 4176 .
693 4125 841 4178 annes?
866 4121 972 4176 Wnlclu
993 4147 1029 4162 -··
1064 4123 1227 4192 porrectior
1248 4131 1370 4196 acies„

181 4200 255 4250 acies
273 4195 390 4259 (nimis)
409 4201 554 4250 menoare
573 4215 617 4267 ap.
658 4196 856 4272 sll.1‘ug.l9.
895 4196 949 4249 Res
969 4193 1136 4246 illustratur
1154 4193 1263 4248 verbis
1287 4197 1370 4274 Vegrs

182 4273 225 4325 15.
264 4269 297 4321 Si
314 4271 387 4322 actes
403 4271 521 4322 nimium
532 4267 626 4337 suerit
643 4279 779 4332 tenuata,
815 4273 872 4321 cito
898 4269 932 4320 ab
950 4263 1216 4333 aduersariissacta
1241 4273 1370 4344 impr-esi

178 4343 371 4414 perrumpitur
387 4347 416 4394 et
435 4342 502 4395 lsiv.
520 4345 574 4410 25,
593 4345 638 4398 21.
683 4343 716 4396 ln
735 4343 940 4413 longitudinem
956 4347 1085 4414 porrecta
1104 4345 1193 4400 ecies,
1233 4343 1370 4428 clamen}
