2890 4790
189 229 213 282 x
640 221 962 286 PRAEFATIO.

189 387 365 468 diligentis.
411 389 458 450 w.
481 390 558 469 quia
579 407 676 468 saepe
697 367 880 470 interrogat
902 391 1016 468 iudex,
1052 409 1150 470 mam
1180 391 1306 468 quondo
1327 389 1420 448 inei.

188 489 278 567 pias,
299 485 357 551 sed
376 491 453 552 voci
473 511 572 569 quam
593 493 857 575 superscriptum
878 489 969 572 crim,
1002 489 1091 556 uude
1110 491 1217 556 Bekis.
1240 493 1278 554 iu
1297 486 1400 554 01111.

190 599 299 670 reete,
335 593 476 676 opinor,
506 594 641 676 scripsit
661 613 794 656 eausam
814 595 946 674 quando
968 595 1116 674 incipias.
1160 593 1209 656 13.
1231 605 1304 653 aut
1323 591 1401 652 alter

189 693 321 754 assistit.
373 695 422 756 17.
456 713 501 754 ae
529 693 636 756 tribus
666 707 699 756 et
725 696 977 772 municipiorum
1005 697 1124 757 etiam
1156 694 1332 776 legationes
1360 709 1402 751 ae

187 812 282 871 pars
310 792 432 854 Italiae
467 795 731 874 periclitantibus
761 797 998 874 assisteret.
1024 825 1067 844 ·-·
1119 792 1298 859 cinxi.
1325 814 1355 855 v.
1375 794 1400 852 l.

189 895 304 954 elatum
325 895 377 956 ius
396 897 660 974 potentissimum
681 919 711 976 q.
735 917 766 958 u.
789 899 911 960 omisso
933 918 1074 979 quoque,
1115 894 1205 980 quod
1236 893 1402 959 delendum

187 1005 246 1060 est.
289 995 319 1058 3.
345 1009 404 1056 aut
424 995 506 1059 Sila.
547 999 577 1060 ll.
600 999 811 1060 abstinerent.
854 999 884 1062 5.
904 1000 1019 1080 populi
1039 1018 1167 1080 quoque
1186 1012 1218 1060 et
1239 997 1403 1060 histriones

166 1167 170 1176 ¹
190 1097 328 1158 auribus
350 1109 533 1160 uterentur.
577 1099 608 1162 8.
632 1101 741 1160 sedet
762 1101 980 1180 magna„illa
1001 1113 1034 1162 et
1059 1099 1221 1163 notabilis.
1263 1095 1312 1165 15.
1340 1107 1404 1158 aut

113 1204 119 1214 '
190 1201 301 1262 ullius.
348 1199 397 1264 16.
428 1201 598 1277 plurimi
626 1202 913 1264 Athenienses.
956 1201 1007 1264 23.
1038 1201 1135 1264 sicuti
1163 1202 1303 1262 domitus
1332 1215 1407 1276 ager

192 1301 477 1384 inquietiores.
521 1303 573 1365 21.
594 1302 660 1363 Serl
673 1320 732 1362 uec
750 1313 834 1363 tuta.
878 1303 927 1368 25.
944 1323 1004 1364 nee
1024 1303 1122 1365 liene
1132 1302 1284 1386 formam
1300 1307 1406 1362 oet.-

189 1402 279 1466 CAP.
295 1401 383 1466 XLI.
405 1427 438 1468 v.
458 1405 487 1465 1.
525 1405 579 1464 Sic
598 1423 746 1484 quoque,
778 1405 865 1481 quod
883 1417 1031 1485 superest
1051 1405 1196 1483 antiquis
1217 1397 1420 1470 oratoribus.

188 1508 307 1568 luorum
327 1526 393 1565 non
414 1507 587 1566 emendare
609 1525 667 1567 nee
688 1526 834 1586 usquam.
878 1509 929 1570 10.
960 1507 997 1568 in
1025 1506 1079 1567 iis
1099 1505 1259 1586 gentibus.
1292 1501 1349 1584 (01.
1370 1497 1420 1562 ad*

187 1629 214 1669 c.
232 1607 262 1670 5.
283 1628 316 1670 v.
332 1603 378 1684 2.)
421 1607 473 1668 22.
493 1606 580 1667 vitas
600 1627 640 1668 ae
659 1621 785 1671 uestras
807 1621 975 1688 tempora3
1008 1605 1097 1672 uude
1117 1605 1221 1670 Bekk.
1242 1587 1278 1668 iu
1300 1601 1408 1670 01111.

189 1719 279 1772 recte
300 1709 472 1792 scripsisse
493 1705 629 1772 videtur
644 1711 731 1772 uitas
744 1723 871 1774 uestras
892 1733 932 1773 ae
953 1724 1109 1792 tempora.
1151 1707 1202 1772 26.
1224 1707 1323 1768 bono
1343 1722 1408 1767 sae-

186 1813 253 1874 culi
273 1812 343 1892 sui,
383 1818 423 1873 ut
451 1807 551 1873 MSS.
575 1811 653 1873 Vut.
704 1815 754 1876 27.
787 1811 865 1876 Post
895 1825 1013 1876 utatur
1043 1805 1167 1900 grande
1198 1809 1351 1893 epatium.
1372 1833 1410 1850 -·

188 1911 279 1977 CAP.
300 1909 408 1974 XLII.
429 1933 461 1976 v·
483 1915 511 1973 1.
534 1933 608 1972 cum
629 1912 785 1976 Messala.
828 1919 858 1980 7.
880 1915 1025 1977 Messala
1046 1933 1120 1974 eum
1141 1912 1348 1990 antiquariis.

270 2011 380 2076 Multa
402 2032 442 2076 ex
462 2012 515 2075 his
536 2021 570 2089 et
589 2013 675 2094 ulia,
710 2035 795 2098 quae
816 2017 1044 2101 praetermisi,
1086 2017 1154 2077 ium
1174 2034 1194 2076 a
1213 2013 1331 2096 lipsio
1352 2028 1420 2094 pro

185 2117 329 2202 vulgatis
350 2115 495 2198 reposita
516 2124 615 2193 sunt3
654 2115 712 2178 sed
741 2119 900 2202 pleraque
932 2137 973 2179 ue
993 2117 1095 2198 obeo
1116 2113 1250 2198 quidem
1271 2118 1410 2188 enotata,

186 2227 221 2280 et
239 2219 275 2278 io
297 2215 349 2278 his
371 2235 503 2300 quoque
523 2217 655 2297 omnia,
691 2239 776 2302 quae
803 2221 911 2284 literis
937 2217 1081 2297 diductis
1111 2213 1327 2299 exprimenda
1357 2233 1413 2274 cn·

104 2391 105 2409 ,
186 2320 270 2384 ravi.
313 2315 407 2380 Haeo
433 2337 516 2381 vero
543 2339 563 2380 a
590 2317 745 2384 Belskero
767 2341 877 2406 nuper
897 2323 933 2384 in
954 2317 1106 2381 ordinem
1127 2327 1261 2402 recepta
1282 2319 1414 2378 suntet

184 2421 319 2483 omnino
347 2421 412 2496 iis,
452 2439 536 2502 quae
568 2421 604 2482 in
635 2429 749 2484 nostra
776 2419 898 2506 dialogi
920 2419 1066 2484 editione
1086 2421 1261 2506 leguntur,
1300 2419 1415 2481 saltem

185 2523 281 2608 longe
302 2522 477 2582 maximum
498 2529 647 2604 partem,
662 2535 667 2542 '
685 2523 738 2585 vel
769 2521 999 2586 substituendo
1029 2523 1089 2604 nel¹
1113 2517 1298 2582 adiicienda
1323 2515 1415 2582 vide·

184 2623 329 2686 buntur!
370 2641 446 2684 uam
467 2615 611 2706 plurima
633 2633 667 2686 et
688 2643 749 2706 per
770 2643 806 2688 se
828 2622 980 2688 arridere
1000 2629 1158 2709 possunt,
1197 2630 1232 2684 et
1252 2621 1415 2682 eonsensu

185 2720 284 2787 MSS.
315 2723 394 2786 Vet.
426 2725 612 2792 firmentur.
661 2725 709 2786 Ex
739 2727 803 2789 hoo
828 2729 942 2812 itaque
970 2728 1148 2790 leotiouons
1178 2741 1318 2784 recensu
1350 2737 1416 2781 non

185 2824 283 2889 modo
302 2827 526 2910 intelligetur,
563 2826 717 2910 Lipsium
747 2831 857 2892 miuus
879 2828 1072 2915 diiigenter,
1112 2843 1212 2908 11110111
1233 2820 1420 2898 debuisset„

185 2931 221 2991 iu
242 2923 439 2991 excutiendo
461 2925 574 2991 codice
596 2929 795 2992 Fnrnesieno
827 2939 998 3008 versatum
1028 2945 1120 3004 esse,
1162 2941 1271 3006 neque
1302 2921 1418 2985 omniu

84 3113 87 3120 Ι
184 3029 225 3092 ab
247 3049 286 3092 eo
308 3029 406 3090 tacite
428 3036 554 3092 mutate
583 3049 624 3090 ex
658 3031 722 3092 hoe
741 3033 833 3094 fonte
854 3030 1005 3101 fluxisse,
1040 3025 1235 3098 sedetiam,
1269 3027 1420 3086 muxinm

185 3131 263 3194 usui
285 3149 356 3192 esse
376 3131 479 3192 bonos
501 3129 631 3194 oodices
663 3141 696 3193 et
716 3133 789 3194 sine
810 3151 927 3196 eornm
949 3149 1013 3213 ope
1034 3145 1112 3190 raro
1134 3146 1206 3189 rem
1228 3145 1291 3190 oou
1313 3125 1420 3213 tangi.

270 3265 376 3330 Scrib.
399 3265 548 3330 Stadne
574 3265 620 3330 ld.
644 3267 716 3330 Oct.
739 3270 778 3331 A.
800 3267 837 3329 R.
859 3265 892 3330 S.
915 3261 1193 3330 Mocccxxxi.
1286 3329 1288 3336 .

792 3577 875 3661 Ge.
905 3575 1056 3658 'Alere
1097 3569 1359 3681 Ruperti,
1419 3635 1420 3660 ÷

744 3725 845 3780 Theol.
866 3732 895 3779 et
911 3723 1019 3776 Philos.
1039 3721 1165 3783 1100101,
1193 3719 1229 3773 Μ.
1248 3717 1322 3770 Brit.
1345 3713 1420 3791 Regi

741 3817 757 3851 11
778 3797 908 3854 consiliis
927 3794 1060 3862 consito,
1092 3793 1211 3846 antistes
1238 3790 1282 3844 rei
1308 3791 1420 3843 eccles.

741 3877 770 3924 et
789 3869 878 3926 schol.
900 3869 930 3922 in
951 3867 1044 3922 (lucet.
1065 3865 1159 3919 Brom.
1182 3871 1209 3920 et
1224 3861 1326 3929 Veri,
1350 3861 1420 3916 Ord}

977 3937 1103 4010 Guelph.
1124 3937 1179 4008 Eq.
