2846 4802
170 228 231 290 312
590 215 841 282 Aculeonis
862 217 984 281 VITA.

173 407 236 444 rum
262 406 390 450 suorum,
425 385 462 440 de
487 385 540 452 iis,
578 399 703 452 quorum
730 383 859 451 enimus,
893 383 955 450 irs,
979 383 1107 450 ferocia,
1133 382 1178 436 vis
1203 379 1419 434 imminuitur

174 463 339 528 emollitur,
359 467 393 512 ut
411 465 545 512 contras
599 459 643 511 ius
661 461 806 512 maritari.
844 457 882 508 ci.
901 455 938 508 ad
957 456 993 510 H.
1013 457 1047 523 2,
1065 459 1102 511 44
1121 463 1197 509 extr.
1234 453 1285 508 sic
1297 453 1419 524 frange

174 551 236 606 cap.
255 536 301 592 29.
330 531 403 585 Αιιιι.
425 535 474 597 14,
494 477 610 586 aas&
631 533 667 597 2,
686 533 731 586 44.
752 529 789 583 el.
823 525 1009 601 iueyrdpmser
1032 529 1084 603 κῆρ
1109 528 1197 580 Ηοιιι.
1225 527 1266 580 Ji.
1288 531 1321 593 1,
1341 529 1419 582 569

173 608 280 678 irrui&
299 603 386 672 νόημα
406 604 444 658 id
464 603 503 658 Jl.
524 605 551 670 8,
569 605 632 659 408.
652 601 818 676 στροτηγούς
835 599 996 668 κλοοοήοιις
1013 599 1160 671 Aristopb.
1180 599 1280 668 Equit.
1304 603 1419 670 pig-na

173 699 235 734 rum
252 697 379 740 suorum,
397 695 425 732 v.
446 675 482 730 ed
501 675 538 728 G.
556 678 583 732 7.
603 693 631 728 n.
650 680 678 733 7.
697 703 735 715 -
767 678 884 730 saevam
910 675 1042 746 praedant
1070 679 1100 728 ire
1119 676 1247 744 coniuges
1266 679 1323 726 est.
1371 669 1419 724 Gi

172 753 252 807 Flor.
272 759 303 820 3,
323 757 356 819 3,
377 753 419 807 17.
440 749 476 802 de
495 748 663 816 Geminis,
681 749 758 802 Brot.
1058 785 1060 791 2

245 827 270 881 2.
308 824 452 879 Proximus
469 820 526 876 dies
537 819 647 890 faeiem
664 825 797 876 uictoriae
815 820 857 887 (v.
878 820 914 874 ad
932 819 1008 877 Ann.
1029 823 1082 886 13,
1101 819 1161 884 38.)
1179 822 1266 872 iatius
1283 819 1419 889 aperuit

173 905 207 951 ut
224 899 261 950 H.
280 902 316 965 4,
334 899 379 954 29.
399 903 429 950 et
445 893 510 947 hir.
530 899 563 960 3,
583 897 626 950 15.
645 913 683 936 ⁴-
716 894 831 948 Vastum
858 894 956 966 ubique
979 895 1139 957 silentium,
1169 910 1197 945 v.
1224 890 1260 944 ad
1280 891 1365 943 Ann.
1395 893 1419 942 4

61 997 62 1000 “
172 973 273 1026 511-
307 975 404 1030 secreti
420 970 517 1030 colles,
546 976 630 1021 antes
649 967 728 1021 viris
747 965 917 1020 horninibus
936 965 1043 1022 obtecti
1063 973 1092 1019 et
1110 964 1243 1036 oppleti,
1275 965 1311 1015 cf.
1342 979 1419 1032 cap

173 1046 209 1100 35
228 1041 320 1110 med.)
340 1059 418 1096 nuno
437 1039 576 1107 desolati,
596 1046 733 1101 siresame,
750 1039 874 1093 oertdete
892 1039 1005 1111 Hilge15
1029 1038 1115 1092 Doed.
1152 1035 1320 1105 „Similiter
1352 1038 1419 1088 lore

173 1118 317 1188 girequitas
341 1134 375 1170 ac
392 1121 524 1168 recreem
543 1129 568 1166 ο.
590 1119 635 1170 31.
660 1121 791 1168 secretiore
814 1116 903 1166 maris
922 1129 946 1166 c.
965 1115 1009 1168 25.
1039 1111 1100 1180 (ubi
1117 1129 1144 1163 v.
1164 1117 1233 1162 nota
1250 1111 1290 1174 3.)
1318 1116 1353 1162 et
1379 1127 1419 1162 ser

156 1198 263 1248 ·ereta,
282 1204 342 1242 non
360 1196 422 1240 tem
441 1192 551 1240 remota
571 1195 621 1240 sut
639 1187 773 1252 occulta,
801 1200 887 1254 qunn
907 1185 1042 1240 solitarie
1060 1193 1090 1238 et
1110 1183 1230 1237 deserte.
1255 1188 1289 1233 ut
1308 1188 1419 1235 centn

175 1259 311 1324 celebria,
326 1261 506 1332 „frequentias
533 1275 561 1311 v.
581 1259 710 1312 Porcell.
748 1257 824 1310 Hine
851 1259 959 1312 frustm
986 1257 1064 1312 coni.
1090 1257 1163 1310 Ern.
1189 1255 1306 1316 deserti,
1340 1261 1419 1308 ante

88 1355 97 1364 ·
174 1333 297 1387 habitati
315 1329 396 1387 et'sb
414 1329 582 1387 bominibus
600 1331 794 1401 frequentati,
814 1331 938 1402 possisne
955 1331 1020 1402 Bip.
1041 1337 1069 1384 et
1089 1328 1185 1383 Oberl.
1204 1329 1304 1382 secreti
1322 1330 1419 1384 callet

175 1407 244 1462 coll.
265 1407 347 1482 Virg.
367 1405 439 1459 Aen.
458 1408 494 1470 6,
513 1406 575 1459 443.
594 1409 630 1470 9,
649 1405 728 1460 383.”
750 1403 857 1458 Walcb.
998 1443 1001 1450 .

245 1483 271 1534 3.
308 1481 410 1550 spargi
427 1477 535 1536 bellum,
553 1495 582 1530 v.
602 1476 639 1529 ed
649 1476 726 1530 Ann.
746 1481 772 1543 3,
792 1479 838 1533 21.
847 1504 883 1516 -
895 1475 968 1546 fiaes
981 1475 1173 1534 Borestorum,
1192 1473 1218 1526 si
1236 1470 1419 1526 Gembdeno

173 1549 245 1603 fides
263 1549 402 1612 hsbends,
422 1567 510 1619 supra
529 1551 646 1602 Itunam
664 1549 694 1602 11.
715 1556 744 1603 et
761 1548 903 1600 isthmum
923 1565 1016 1618 prope
1028 1548 1245 1618 Edinburgam,
1265 1544 1299 1596 in
1316 1543 1419 1596 Fascis

174 1629 204 1674 et
223 1621 333 1686 Annis;
359 1621 497 1685 (Eskdsle
521 1628 550 1676 et
573 1620 735 1684 Annsdale)
763 1621 788 1674 si
813 1622 962 1674 Mannerto
989 1621 1022 1672 in
1046 1619 1155 1672 Britan.
1169 1634 1213 1686 p.
1231 1619 1295 1673 239.
1325 1617 1419 1668 circs

173 1693 265 1746 Teum
284 1695 324 1760 (v.
344 1693 380 1746 ad
399 1709 460 1764 esp.
479 1693 524 1750 22.
544 1711 572 1746 ιι.
593 1695 633 1760 1.)
652 1693 683 1746 in
701 1691 861 1755 Fifeshire‚
880 1693 931 1744 ubi
949 1691 1053 1756 (Or-rea
1072 1705 1138 1762 opp.
1159 1706 1204 1759 sp.
1224 1687 1298 1741 Ptol.
1319 1687 1363 1740 sd
1386 1689 1419 1742 fl.

177 1765 330 1833 Oraoater)
350 1767 472 1819 sitiret.
492 1767 656 1832 etdrztio,
676 1765 709 1818 in
727 1763 894 1840 Angushire
913 1765 991 1816 inter
1009 1763 1174 1828 Pertshire,
1202 1758 1364 1814 Strsthern
1391 1767 1419 1814 et

173 1837 354 1893 Msernsbire
373 1837 409 1890 ad
427 1845 567 1908 septentr.
586 1839 656 1890 litus
674 1837 729 1890 ‘Psi
749 1837 897 1902 aestuarii,
916 1835 1002 1890 Frith
1021 1837 1054 1890 oi
1069 1835 1138 1905 Tay.
1177 1833 1304 1904 Populus
1324 1834 1419 1886 nobis

145 1925 148 1932 ’
174 1911 307 2036 itit?
316 1909 1055 2036 ..3338313113ῗέ1.’8131133138Ῑί
1079 1906 1200 2035 ‘simii
1221 1905 1419 2032 ..pem

174 2061 284 2109 storum
302 2054 408 2107 finibus
426 1998 693 2125 sippermansisset,
712 2070 772 2108 non
791 2055 948 2124 accepisset
965 2053 1103 2124 hospites.
1116 1997 1279 2106 Pcetemm
1297 2050 1419 2104 Bsxte-

174 2144 223 2179 rus
251 2143 327 2181 corr.
354 2127 534 2181 Horescarum
556 2126 668 2196 hosque
696 2127 738 2180 ita
767 2127 859 2180 dictos
887 2135 970 2198 putet
992 2145 1009 2180 a
1028 2127 1086 2180 Gor
1103 2128 1199 2190 wisc,
1220 2122 1250 2176 h.
1271 2141 1297 2178 e.
1317 2141 1419 2192 supra

174 2201 268 2252 iscam
275 2233 284 2264 ,
316 2218 337 2252 s.
365 2199 520 2266 Tuiscsm,
548 2199 688 2265 rl'uuesin,
717 2199 856 2252 flumen.”
887 2197 986 2252 Peerli.
1029 2201 1204 2252 Borestorum
1231 2197 1293 2248 Vst.
1321 2200 1418 2253 3429.

173 2273 254 2328 4498.
274 2270 338 2325 edd.
358 2271 445 2326 Reok.
465 2272 547 2325 Hert.
569 2271 683 2325 Peerlk.
702 2299 739 2311 —-
768 2270 911 2344 praesecto
929 2275 1028 2326 elassis
1047 2269 1212 2326 eimumvebi
1227 2269 1419 2323 Britanniam

169 2353 340 2471 {mitte
358 2362 395 2469 1·
412 2343 735 2484 .:t..tttt.t⁰·1.t.t.
753 2343 1114 2488 ii.²i..i¹i¹².',1ssi;.i'..,
1131 2341 1419 2490 333ῗῆὶᾷζὶἷὶ

174 2489 226 2544 dae
247 2506 347 2556 causa,
367 2505 424 2558 quo
444 2488 532 2543 verbe
550 2490 631 2542 datae
650 2489 690 2543 ad
705 2489 737 2543 id
751 2494 823 2544 vires
843 2497 898 2542 eet.
918 2499 1051 2560 spectare
1069 2489 1222 2552 videntur,
1287 2487 1366 2542 aleb.

245 2566 273 2617 4.
309 2561 404 2616 Datae
420 2562 460 2615 ad
475 2561 507 2615 id
521 2568 611 2623 eires,
630 2581 657 2616 v.
677 2561 714 2616 ed
730 2560 805 2616 Ann.
827 2566 878 2626 11,
896 2566 929 2630 9,
949 2567 975 2617 1.
997 2589 1031 2603 -
1056 2563 1196 2636 peditem,
1215 2579 1243 2614 v.
1263 2559 1300 2614 ad
1321 2559 1363 2614 G.
1387 2565 1415 2617 6.

173 2651 202 2687 n.
221 2635 248 2690 5.
267 2661 305 2674 -·
330 2653 463 2690 noevum
481 2639 620 2706 gentium,
639 2652 741 2690 recens
760 2634 962 2702 subactarum,
980 2635 1051 2690 Erre.
1070 2665 1107 2678 ·-
1136 2637 1272 2689 trarrsites
1290 2635 1417 2688 exerci-

172 2714 220 2760 tus
238 2706 321 2762 Rom.
340 2705 485 2778 perfines
504 2725 611 2762 esrum.

244 2781 271 2835 5.
309 2780 349 2833 Et
366 2783 583 2845 simulatoriis,
616 2781 651 2834 de
671 2797 728 2850 qus
746 2797 774 2833 v.
796 2795 858 2850 cap.
879 2784 923 2835 10.
944 2786 973 2832 et
990 2779 1035 2836 25.
1054 2809 1091 2821 -
1129 2781 1317 2834 tinniensem
1342 2799 1419 2851 por-

172 2860 232 2905 tum
250 2856 358 2916 terruit,
391 2871 420 2905 v.
446 2852 482 2906 ad
509 2853 546 2906 H.
566 2857 600 2918 2,
620 2858 657 2922 9,
677 2859 703 2908 1.
743 2852 931 2907 Trutulensem
958 2852 990 2904 in
1017 2869 1111 2928 marg.
1137 2871 1161 2907 e.
1186 2854 1249 2905 Vnt.
1269 2855 1357 2908 3429.
1387 2861 1419 2907 et

175 2923 264 2979 Beck.
284 2925 336 2994 qni
354 2924 564 2996 Plymouthum
582 2926 633 2980 vel
657 2925 894 2980 Portsmouthum
920 2924 1067 3000 designari
1089 2933 1180 2996 putet.
1223 2926 1419 2996 Rutupinum,

174 2996 238 3051 edd.
272 2997 416 3051 omnibus.
452 3001 589 3052 trutuleres
620 3005 662 3052 est
688 2999 751 3050 Vnt.
779 3001 859 3054 4498.
898 2997 1101 3053 Trucculensem
1124 3000 1186 3052 Vet.
1202 3000 1284 3054 3429.
1308 3005 1338 3052 et
1366 3001 1414 3053 ed.

174 3068 288 3123 emend.
321 3068 413 3123 Rhen.
449 3070 563 3123 Paneir.
591 3069 671 3125 Pich.
701 3069 780 3140 Lips.
810 3069 999 3124 cambdenus.
1054 3073 1183 3138 „Portus
1218 3069 1274 3124 ill‘e
1298 3073 1414 3140 passim

153 3141 345 3212 ‘Rutupensis
365 3148 416 3194 sut
433 3143 612 3213 Rutupinus,
637 3151 670 3196 ut
688 3143 819 3197 Iuvensl.
839 3147 871 3208 4,
891 3147 952 3198 141.
974 3152 1003 3198 et
1021 3145 1094 3198 Ptol.
1114 3147 1147 3210 2,
1166 3147 1193 3200 3.
1224 3144 1413 3208 Ῥουτουπίοι,

175 3231 255 3266 nune
276 3213 425 3268 sandwieb
451 3213 618 3286 appellatur
642 3223 671 3268 et
700 3213 736 3268 ad
762 3233 828 3268 eum
856 3215 882 3268 b.
911 3215 1107 3291 Augustinus,
1142 3216 1310 3270 Britanniae
1338 3233 1414 3288 apo·

175 3285 276 3355 stolus,
295 3286 418 3356 appulit.
437 3305 466 3338 v.
486 3287 560 3342 Beda
578 3285 647 3340 hist.
669 3287 772 3340 eccles.
788 3293 813 3354 1,
833 3287 897 3343 25.”
914 3289 990 3342 Brot.
1028 3289 1110 3343 Idem
1131 3287 1216 3354 dicit,
1235 3306 1265 3342 se
1284 3287 1412 3342 edocto

175 3357 273 3484 duplo
291 3358 447 3426 audivisse,
478 3369 595 3432 portum
615 3376 681 3430 opp.
702 3359 911 3436 Ricbborough
937 3363 1017 3415 ciros
1036 3361 1230 3416 Sandovieum
1249 3361 1281 3414 in
1301 3361 1411 3416 Cautio

176 3449 193 3484 a
236 3431 348 3486 omanis
365 3433 487 3486 fortasse
505 3433 684 3504 appellatum
704 3431 913 3496 Trutulensem,
946 3435 1025 3504 quod
1049 3434 1175 3487 abundet
1193 3434 1278 3504 eopia
1295 3441 1410 3488 trutte-

175 3521 261 3568 rom,
285 3504 363 3558 Gall.
383 3507 421 3558 les
439 3511 545 3560 truitee.
583 3504 640 3560 Sed
658 3504 773 3560 incerta
791 3504 880 3571 haee,
904 3524 959 3560 nee
978 3524 1084 3561 nomen
1103 3507 1195 3560 semel
1213 3515 1419 3562 memoratum¹

174 3584 332 3646 propterea
356 3577 543 3644 mutandum,
573 3577 680 3631 Walcie
704 3607 740 3619 —
776 3579 845 3632 unde
869 3582 999 3650 proximo
1026 3582 1114 3633 latere
1140 3580 1306 3634 Britmereiae
1335 3583 1410 3634 lecto

93 3677 114 3698 0
176 3655 253 3702 omni
270 3650 406 3704 redierat:
433 3651 534 3714 „Haec
555 3651 634 3703 dicta
651 3667 723 3720 pro:
752 3669 818 3722 quo
836 3651 973 3717 redierat,
1000 3653 1079 3706 inde
1097 3655 1165 3706 lecto
1181 3659 1310 3725 proximo
1328 3659 1412 3707 amni

176 3720 345 3792 Britanniae
358 3725 453 3776 latere.
498 3725 573 3776 Nem
599 3723 754 3777 Adverbiis
780 3725 912 3778 relativis
936 3725 995 3780 loci
1024 3743 1232 3794 nonnunquam
1258 3733 1287 3780 et
1312 3727 1410 3780 conti·

175 3801 285 3847 nentur
293 3794 469 3850 Pronomins
475 3793 670 3848 Demonstrat.
685 3811 719 3849 oo
742 3804 806 3850 nete
820 3805 849 3850 et
858 3798 1027 3868 supplenda.
1064 3798 1196 3852 sicunde
1206 3801 1408 3869 piammon,

177 3866 247 3930 (ibi)
260 3885 350 3920 omnes
362 3865 448 3937 suere
466 3867 501 3920 H.
521 3872 547 3932 1,
563 3869 611 3934 -56,
630 3873 656 3924 3.
698 3813 773 3923 ῐξιᾶι
785 3873 889 3924 elmar
901 3872 1050 3935 acciderat,
1069 3871 1129 3941 (eo)
1145 3877 1332 3943 circumagere
1349 3892 1409 3928 oar·

105 3948 109 3954 '
173 3957 246 4010 pora
264 3940 301 3992 H.
321 3943 352 4004 4,
371 3941 421 4006 29,
441 3943 468 3994 3.
496 3940 609 4011 Iamque
626 3942 665 3994 ad
681 3941 773 3995 ier-bem
791 3944 931 4015 Ancyram
946 3953 1106 4016 perventum
1124 3953 1202 4010 erat,
1230 3947 1277 4000 sebi
1292 3965 1408 4000 nmero

177 4017 319 4084 copiarum
338 4015 410 4066 inito
430 4011 650 4084 Paphlagoniam
668 4018 759 4067 intrat
777 4015 857 4068 Gurt.
877 4021 911 4081 3,
932 4021 967 4083 1,
986 4021 1030 4074 22.
1064 4011 1155 4089 Fuge,
1180 4037 1233 4089 quo
1251 4019 1408 4074 desoendere

177 4089 277 4157 gestis,
295 4103 350 4140 nore
367 4090 421 4138 erit
437 4089 534 4139 emisso
551 4087 604 4139 tibi
621 4086 725 4140 reditus
744 4088 844 4141 Horat.
865 4089 949 4159 epist.
970 4095 1002 4157 1,
1022 4095 1075 4156 29,
1095 4094 1122 4148 5.
1142 4093 1191 4158 Mei
1210 4089 1319 4164 ἀγάγοι,
1337 4091 1409 4149 ὅθεν

178 4156 237 4223 οὐχ’
256 4153 314 4214 οἶόν
331 4177 358 4214 το
376 4160 451 4212 ἔσται
469 4157 591 4217 ἐξελθεῖν
609 4157 740 4229 Xenoph.
765 4159 852 4213 Aneb.
875 4167 909 4228 1,
929 4168 966 4226 3,
986 4167 1029 4219 17.
1065 4169 1229 4231 Μιτοίκηοις
1253 4167 1300 4234 τῆς
1317 4170 1409 4240 ψυχῆς

180 4231 225 4285 τοῦ
243 4226 326 4287 τόπου
344 4231 392 4284 τοῦ
409 4230 519 4284 estivis
538 4236 575 4294 eie
593 4229 678 4287 ἄλλον
701 4229 781 4290 τόποι
804 4233 875 4288 Plat.
897 4234 981 4306 Apol.
1000 4253 1028 4306 p.
1050 4242 1093 4294 40.
1114 4255 1138 4290 e.
1168 4239 1283 4303 floridae·
1295 4247 1341 4295 καὶ
1362 4261 1407 4312 pv.

179 4311 274 4368 οοῖκας
291 4331 327 4345 -
346 4299 524 4372 διεκομίζοντο
543 4301 628 4368 εὐθύς
646 4303 714 4360 ὅθεν
732 4305 891 4368 ὑπεξέθεντο
910 4307 977 4380 (pro
996 4313 1102 4366 ἐκεῖθεν
1118 4311 1202 4377 ὅπου)
1228 4311 1364 4384 Thucyd.
1386 4319 1405 4374 1,

177 4377 222 4456 89.
261 4377 325 4430 Ηιιο
344 4375 498 4447 pertinent
516 4375 605 4442 ptism
626 4377 713 4432 verbs
732 4378 800 4432 Tse.
822 4375 893 4435 Anu.
916 4388 946 4450 1,
966 4385 1009 4440 22.
1037 4385 1107 4448 Dic,
1126 4385 1237 4448 Btaese,
1261 4387 1310 4438 ubi
1327 4388 1407 4440 cads-
