2756 4792
170 195 233 264 3116
491 190 716 259 DlALOGUS
741 193 799 260 DE
823 191 1111 266 customens.

169 363 281 416 Forum
307 368 408 416 umen
432 377 491 416 nou
514 379 543 414 m
604 379 621 414 a
644 367 687 414 est
705 359 881 422 auctoritare
913 359 1008 414 multo
1033 357 1130 412 maior
1152 357 1266 410 Furnos.
1286 373 1316 409 er
1332 371 1371 424 quo

171 434 289 506 Lipsius
308 435 399 488 tacite
418 433 586 489 emendarat
603 433 753 504 permulta
771 440 801 487 et
821 433 850 486 b.
871 433 892 485 l.
913 431 989 486 nihil
1009 431 1146 484 enotavit.
1177 449 1207 482 v.
1225 429 1260 482 ad
1277 447 1299 480 c.
1318 433 1336 481 1.
1354 446 1371 478 n

168 513 195 564 3.
234 509 384 562 Praeterea
403 507 491 560 lentio
511 514 608 560 nostra
626 506 777 576 reperitur
802 507 833 558 in
860 507 993 560 omnibns
1018 503 1081 558 edd.
1101 511 1167 556 ante
1187 503 1279 566 Brut,
1298 509 1322 553 et
1338 501 1371 551 illa

168 580 266 650 potius
285 580 521 634 emendationem
541 578 654 632 redolet
674 595 759 647 qnam
779 577 867 642 haec,
894 596 968 648 quae
991 575 1115 630 Materni
1140 591 1256 645 quoque
1279 575 1298 626 ir
1338 574 1371 624 nit

170 651 331 722 studiisque
350 653 482 724 apprime
501 653 649 726 oongmit.
687 653 764 717 „Per
780 651 877 704 lusum
896 653 952 706 sibi
970 647 1148 718 respondent
1158 647 1286 718 forenses
1297 591 1371 730 gitium

169 733 199 779 et
215 728 343 778 unctior
367 727 541 797 eloquentia,
567 729 716 794 angustiae
744 732 774 778 et
801 731 949 794 angustior
966 724 1150 792 eloquentio.'’
1177 722 1265 792 [αις.
1285 721 1312 772 in
1328 719 1371 770 dns

169 813 226 868 qua
251 798 390 872 Dialogus
416 798 452 852 de
476 804 548 850 oret.
577 796 678 850 Tacito
705 796 882 850 vindicatur.
902 827 939 840 ·-
968 800 1135 853 amatorem
1158 803 1188 848 et
1213 798 1371 866 wgustionn

169 871 257 924 etiam
277 869 337 923 Cic.
358 870 442 924 Tusc.
463 886 511 940 qu.
531 871 563 934 5,
585 873 635 932 13,
653 873 698 926 36.
719 869 755 923 da
774 871 810 924 N.
830 869 865 924 1).
886 877 916 938 1,
936 875 981 928 42.
1000 867 1110 937 aliique
1130 867 1326 931 coniunxere;
1340 867 1371 916 Dr

169 947 364 1015 angustiorem
383 942 426 996 ed.
446 959 491 1014 pr.
511 949 541 996 et
559 942 638 995 Jnnt.

653 1123 847 1180 CAPUT
884 1123 917 1176 V.

254 1255 323 1344 Ego
357 1273 462 1335 vero,
493 1255 604 1338 inquit
630 1249 820 1334 Secundus,
856 1262 1033 1356 antequam
1063 1275 1115 1316 me
1142 1251 1290 1318 iudicem
1311 1253 1372 1336 Ape

169 1349 313 1420 recuset,
335 1341 466 1410 faciam,
489 1335 580 1422 quod
600 1337 699 1422 probi
721 1345 755 1399 et
776 1335 917 1400 modesti
939 1335 1065 1400 ludices
1088 1339 1210 1417 solent,
1234 1347 1275 1401 ut
1295 1342 1326 1400 in
1345 1339 1372 1398 hi

169 1423 414 1511 cognitionibus
435 1429 610 1502 excusent,
632 1423 668 1482 in
690 1422 811 1505 quibus
834 1425 1046 1485 manifestum
1069 1434 1129 1502 est,
1152 1424 1292 1484 alteram
1314 1443 1372 1505 spu,

168 1529 224 1572 eos
245 1515 376 1591 partem
396 1507 504 1592 gratia
524 1506 728 1588 praevalere.
772 1505 855 1586 Quis
877 1509 966 1568 euim
987 1509 1111 1586 nescit,
1133 1509 1300 1570 neminem
1321 1507 1372 1566 mil

168 1593 433 1654 coniunctiorem
455 1609 526 1652 esse
547 1598 581 1652 et
601 1611 666 1652 usu
686 1589 869 1670 amicitiae,
898 1599 932 1652 et
958 1587 1152 1654 assiduitate
1179 1591 1372 1652 contuberni

169 1695 268 1756 mam
296 1671 443 1735 Saleium
472 1673 628 1752 Bassum,
660 1691 738 1736 cnm
759 1676 924 1756 optimum
946 1675 1082 1754 virum,
1104 1686 1176 1736 tum
1198 1676 1372 1737 absolutissl

168 1779 260 1821 mum
287 1759 441 1902 poetam?
483 1755 611 1837 Porro,
640 1759 669 1818 si
696 1759 828 1841 poetica
854 1765 1053 1836 accusatur,
1084 1777 1150 1820 non
1180 1760 1285 1820 alium
1307 1755 1372 1820 vide

169 1863 266 1906 reum
300 1841 548 1924 ocupletiorem.

250 1922 397 1988 Securus
425 1926 487 2004 sit,
518 1925 630 2008 inquit
655 1921 765 2008 Aper,
794 1931 828 1986 et
856 1921 983 1988 Saleius
1013 1925 1154 2008 Bassus,
1189 1935 1223 1988 et
1252 1927 1372 2010 quisqu

167 2011 252 2072 alius
274 2007 423 2070 studium
445 2009 593 2089 poeticae
614 2015 648 2070 et
668 2010 855 2072 carminum
876 2011 1015 2097 gloriam
1037 2013 1138 2090 fovet,
1161 2031 1269 2094 quum
1293 2031 1372 2072 caua

168 2113 266 2180 agere
289 2111 356 2154 non
376 2093 492 2174 possit
539 2087 604 2170 [Et]
626 2111 688 2177 ego
710 2095 817 2174 enim,
839 2103 1004 2176 quatenns
1026 2095 1191 2156 arbitrum
1213 2097 1285 2157 litis
1308 2095 1372 2156 huit

168 2178 301 2248 inveni,
333 2193 400 2236 non
428 2177 561 2257 patiar,
591 2175 786 2238 Maternum
819 2180 975 2240 societate
996 2180 1147 2262 plurium
1169 2177 1327 2241 defendi:
1350 2197 1372 2238 s«

167 2271 202 2324 et
223 2262 334 2344 ipsum
355 2259 462 2320 solum
483 2256 573 2342 apud
593 2279 653 2324 vos
676 2279 832 2342 arguam,
863 2258 953 2345 quod
980 2271 1077 2324 natus
1108 2261 1150 2323 ad
1179 2263 1372 2344 eloquentia

166 2345 299 2409 virilem
323 2350 357 2405 et
376 2345 578 2414 oratoriam,
601 2363 667 2426 qua
689 2363 809 2426 parare
830 2347 927 2408 simul
950 2354 984 2408 et
1005 2347 1094 2408 tueri
1115 2348 1303 2424 amicitias,
1326 2361 1372 2406 as<

168 2448 261 2490 scere
283 2428 446 2506 nationes,
468 2428 641 2510 complecti
662 2431 853 2510 provincias
867 2431 982 2512 possit,
1004 2431 1129 2490 amittit
1149 2429 1319 2510 studium,
1343 2426 1373 2596 op

167 2531 233 2574 nou
263 2509 354 2574 aliud
382 2513 418 2571 in
446 2512 581 2576 civitate
609 2521 723 2574 nostra
744 2515 797 2576 vel
818 2511 861 2574 ad
882 2515 1057 2576 utilitatem
1088 2515 1321 2578 fructuosius.

167 2593 210 2658 ad
231 2593 428 2681 dignitatem
456 2595 616 2678 amplius,
647 2597 701 2660 vel
728 2595 770 2658 ad
791 2595 891 2660 Urbis
914 2601 1035 2660 famam
1057 2594 1253 2681 pulchrius,
1290 2601 1373 2666 vell

167 2682 271 2744 totius
292 2680 426 2762 imperii
449 2687 549 2762 atque
569 2681 719 2744 omnium
740 2683 888 2767 gentm
910 2684 1061 2744 notitiam
1082 2683 1249 2742 illustrius
1275 2702 1373 2768 ercan

170 2766 236 2825 tari
256 2771 377 2846 potest.
419 2761 507 2824 Nam
530 2766 559 2824 si
581 2763 623 2825 ad
645 2767 825 2827 utilitatem
846 2767 936 2828 vitae
956 2768 1068 2826 omnia
1090 2767 1226 2827 consilia
1251 2769 1373 2847 factasp

167 2855 283 2910 nostra
310 2843 485 2935 dirigenda
515 2856 614 2923 sunt3
643 2845 726 2930 qnid
755 2851 822 2910 erit
854 2851 981 2929 tutius,
1019 2867 1118 2934 quam
1146 2868 1218 2910 eam
1246 2869 1373 2912 exerce

168 2941 291 3002 artem,
322 2950 387 3012 qua
414 2949 546 3012 semper
574 2941 722 2992 armatus
752 2932 958 3016 praesidium
989 2935 1121 3006 amicis,
1152 2952 1251 3016 opem
1278 2937 1373 2996 alien

169 3015 308 3076 salutem
330 3013 620 3096 periclitantibus,
649 3013 774 3078 invidis
803 3037 886 3080 vero
913 3019 1111 3080 etinimicis
1133 3023 1260 3079 metum
1289 3030 1328 3080 et
1352 3029 1373 3080 tt

169 3117 281 3160 rorem
303 3099 392 3158 ultro
414 3098 524 3176 ieras,
556 3101 628 3180 ipse
658 3119 796 3163 securus
825 3111 858 3164 et
880 3103 971 3166 velut
993 3099 1135 3185 quadam
1156 3111 1337 3184 perpetua
1359 3121 1373 3188 p

169 3183 273 3244 tenua
293 3200 332 3242 ac
353 3187 515 3262 potestate
542 3183 716 3246 munitus?
761 3182 866 3248 Cuius
897 3187 949 3250 vis
971 3195 1005 3248 et
1026 3186 1168 3264 utilitas,
1202 3185 1317 3248 rebus
1343 3209 1373 3270 p]

169 3283 266 3349 spero
292 3263 495 3343 fluentibus,
523 3267 666 3328 aliorum
693 3268 860 3350 praesidio
891 3277 926 3332 et
952 3270 1056 3331 tutela
1085 3270 1309 3354 intelligitur.
1359 3267 1373 3332 Ε

169 3350 346 3434 proprium
375 3349 565 3432 periculum
594 3352 781 3436 increpuit,
815 3372 882 3414 non
912 3353 1048 3415 hercule
1069 3353 1171 3414 lorica
1193 3363 1255 3414 ant
1280 3355 1373 3441 glad

170 3435 205 3495 in
227 3436 298 3495 acie
318 3434 450 3496 firmius
472 3435 733 3516 munimentum,
766 3455 865 3520 quam
886 3457 945 3499 reo
967 3445 1001 3498 et
1020 3437 1223 3520 periclitanti
1247 3439 1373 3522 eloqu<

55 3547 62 3554 ·
170 3519 235 3596 tia,
264 3513 469 3602 praesidium
500 3519 597 3580 simul
619 3529 652 3581 et
673 3521 793 3600 telum,
823 3541 889 3604 quo
911 3539 1124 3608 propugnare
1145 3523 1284 3604 pariter
1313 3535 1353 3586 et

169 3621 297 3664 cessere
331 3603 384 3666 vel
412 3603 448 3662 in
479 3599 622 3674 iudicio,
661 3605 733 3666 sive
758 3607 793 3666 in
824 3614 963 3684 senatu,
994 3607 1066 3668 sive
1096 3603 1184 3688 apud
1211 3603 1373 3692 Princip

170 3687 285 3768 possis.
337 3683 426 3766 Quid
456 3681 547 3747 aliud
574 3688 703 3750 infestis
731 3687 886 3752 Patribus
915 3709 1025 3773 nuper
1053 3689 1175 3772 Eprius
1205 3687 1373 3756 Marcell

172 3788 271 3852 qnam
292 3770 512 3852 eloquentiam
534 3790 643 3848 suam,
666 3775 847 3855 opposuit?
880 3793 946 3856 qua
973 3775 1140 3835 accinctus
1162 3781 1196 3834 et
1216 3777 1358 3840 minax

170 3859 292 3914 sertam
337 3851 469 3931 uidem,
502 3851 559 3915 sed
588 3855 837 3918 inexercitatam
863 3865 897 3919 et
917 3855 1080 3919 eiusmodi
1102 3860 1350 3926 certaminum

172 3933 267 4016 dem,
335 3934 450 3998 elvidii
478 3939 674 4020 sapientiam
706 3941 814 4003 elusit.
862 3939 963 4003 Plura
985 3939 1026 4003 de
1054 3941 1198 4003 utilitate
1226 3961 1310 4005 non
1342 3947 1373 4008 d:

171 4021 226 4082 cui
258 4021 349 4104 parti
376 4021 512 4083 minime
543 4021 832 4086 contradicturum
864 4023 1059 4087 Maternum
1098 4045 1207 4087 meum
1240 4029 1373 4094 arbitr

188 4159 196 4176 ‘
242 4161 268 4211 1.
305 4155 422 4209 modeste·
445 4157 546 4212 iudices
570 4161 656 4214 solent
683 4177 721 4213 sc.
747 4161 853 4214 facere.
902 4161 937 4214 ln
966 4161 1022 4214 MS.
1043 4163 1373 4220 maluttanensem

170 4257 207 4271 -
225 4233 306 4284 utin
325 4227 369 4281 ln's
387 4233 594 4300 cognitionibus
612 4241 752 4298 recusent,
781 4251 818 4286 sc.
837 4251 875 4292 se,
893 4241 926 4285 ut
945 4235 996 4286 vul
1054 4241 1166 4304 putant.
1212 4233 1246 4286 ld
1274 4239 1373 4295 facil

171 4305 192 4354 l.
213 4301 460 4372 exciderepotnit
480 4305 645 4374 etantiqua
664 4323 750 4358 inanu
777 4307 907 4358 additum
932 4306 998 4360 ine
1020 4348 1026 4359 .
1047 4325 1091 4377 pr.
1113 4305 1304 4364 testeBrot.
1362 4319 1373 4368 1

173 4373 249 4428 illud
269 4375 418 4428 inseruero
437 4375 511 4430 Pith.
533 4378 636 4432 ileum.
659 4380 735 4432 Brot.
757 4387 784 4433 et
804 4379 909 4434 deinde
929 4395 1035 4434 ornnes.
1083 4379 1139 4433 Sed
1159 4397 1304 4437 amasne-c
1331 4390 1373 4442 sir
