2770 4792
167 213 229 276 tlt
590 197 839 264 AGRICOLAE
860 199 971 266 vt'rs

170 375 291 438 sensim,
327 372 402 425 clun
429 376 460 424 st
477 385 512 438 ex
532 364 682 434 inopinato
700 364 845 436 subrepit,
874 367 997 438 obrepit.
1038 367 1119 426 Sedit
1143 389 1169 442 q.
1196 373 1266 425 cim
1290 373 1332 426 vel
1353 380 1382 424 «ι,

163 451 242 502 elam
261 446 319 500 lev.
339 442 472 498 censebat
489 439 588 492 lleins.
1381 465 1382 470 =

242 523 268 574 q,
292 491 353 588 ”per
369 513 523 588 quindecim
541 527 642 570 annos,
666 509 769 578 quibus
788 527 820 564 re
842 511 924 564 nevit
943 513 1142 582 Domitianus,
1177 516 1211 568 sb
1229 535 1253 569 a.
1273 518 1373 572 11831.

171 592 241 646 (thr.
260 593 303 645 81.
324 588 360 642 sd
377 606 401 642 s.
421 587 455 640 U.
474 587 538 641 819.
558 581 627 636 Chr.
646 583 690 638 eo.
709 609 745 620 -
771 527 1006 652 nudissimum
1024 587 1150 648 essibus,
1164 593 1382 658 promptissimus

164 654 1035 806 ittiitit.&tift.'.’.'tt‘t¹ftt²st¹t.t⁹t.tt
1049 659 1274 789 :titfflt
1292 664 1376 788 tit

171 807 216 861 dit
233 805 354 861 Drouke
371 803 417 858 his
436 801 548 856 verbis:
567 799 751 868 „Conqueri,
771 799 851 868 quod
867 801 974 876 vulgus
992 801 1148 858 lucerinum
1166 806 1298 860 tornines
1316 807 1382 858 ossis

170 880 222 932 bus
240 879 397 944 rnoristur,
417 874 571 928 absurdum
590 878 644 926 est:
675 869 732 924 hoc
750 873 951 940 conqueritur,
972 875 1050 944 quod
1068 877 1195 946 optimos
1213 880 1291 934 cives
1308 880 1377 932 Prin-

171 952 245 1021 cipis
265 949 382 1004 saevitia
399 945 531 1019 perdidit
549 961 583 998 ec
601 943 688 1013 psuci
707 959 808 996 eorum
827 947 996 1016 superstites
1015 951 1109 1002 sunt.'’
1146 951 1239 1006 Immo
1257 968 1328 1006 nors
1344 953 1378 1002 sl·

169 1026 266 1078 fertur
284 1023 376 1087 ratio,
401 1023 455 1073 o'ur
471 1018 542 1072 boni
561 1016 634 1102 lilsri
652 1031 710 1101 non
729 1016 815 1102 facile
833 1034 911 1102 nuno
931 1025 961 1072 et
979 1035 1047 1074 mox
1064 1020 1212 1090 prodituri
1232 1024 1303 1090 sint,
1329 1041 1379 1075 ms·

169 1091 533 1236 destituisti:
550 1088 1382 1236 ttttt⁸¹ttstt¹3¹²s0tttt‚²²tt..⁶t.t²:.‘tt¹;t¹i

169 1257 214 1294 css
231 1255 309 1292 nunc
328 1255 388 1292 esse
406 1235 584 1306 superstites.
621 1234 713 1300 „Non
739 1233 829 1287 lstine
847 1233 995 1290 diceretur
1012 1239 1108 1292 multis
1120 1237 1259 1306 fortuitis
1277 1242 1382 1300 ensibus,

169 1319 199 1366 et
217 1311 350 1382 opposite
368 1317 435 1363 sunt
452 1310 538 1362 multi
559 1314 587 1361 et
612 1309 836 1374 promptissime
862 1311 989 1379 quisque,
1024 1316 1057 1361 ut
1076 1309 1213 1380 fortuitis
1234 1315 1338 1368 ensibus
1359 1321 1382 1388 et

167 1387 290 1438 saevitia
309 1378 464 1452 Principis5
482 1399 548 1434 nem
568 1377 619 1448 qui
636 1381 755 1432 saeuitia
772 1379 864 1447 perit,
883 1396 942 1433 non
960 1381 1088 1436 moritur
1099 1381 1227 1450 fortuito
1245 1405 1324 1448 meu,
1341 1383 1382 1438 sed

165 1464 276 1526 praeter
293 1463 441 1518 naturam,
476 1461 505 1508 et
523 1452 573 1506 vel
587 1457 700 1520 praeter
717 1449 767 1503 vel
783 1451 930 1506 secundusne
940 1450 1048 1520 saturn.
1076 1472 1104 1509 v.
1124 1456 1218 1526 intpp.
1238 1458 1299 1514 (iic.
1317 1458 1382 1512 Phil.

167 1535 201 1596 1,
221 1532 267 1584 t.”
288 1527 393 1582 Volcis.
432 1527 525 1594 „Fors
553 1540 636 1578 caeca
659 1523 775 1576 nullum
794 1523 874 1576 inter
891 1524 980 1578 bonos
998 1525 1146 1596 melosque
1164 1531 1274 1610 iqcerst
1293 1530 1382 1584 discit

166 1619 249 1666 suen,
270 1609 298 1656 st
317 1618 417 1655 ssevus
435 1599 572 1668 Princeps
590 1593 836 1668 promptissimos,
856 1611 927 1664 quos
944 1597 1095 1666 perderet,
1125 1601 1263 1676 elegerat.
1302 1605 1382 1664 Locus

167 1673 267 1728 simill.
289 1681 331 1728 est
349 1674 410 1726 Liv.
430 1676 483 1738 23,
501 1673 547 1728 22.
589 1687 674 1741 quum
691 1675 802 1722 tanetum
819 1675 978 1722 senatorum
996 1671 1124 1725 aduersae
1140 1691 1265 1746 pugnae,
1294 1678 1332 1730 ad
1345 1675 1382 1732 lut

166 1749 214 1799 sui
233 1765 363 1818 quemque
385 1763 464 1800 essue
485 1761 535 1813 per
558 1745 777 1814 quinquennium
797 1741 1043 1810 absumpsissent.''
1069 1745 1173 1798 Becker.
1192 1775 1229 1786 —
1254 1739 1382 1817 sor-tuitii

167 1819 291 1880 casibus,
318 1838 346 1872 r.
366 1817 402 1871 sd
420 1817 493 1870 Anu.
513 1819 546 1881 3,
566 1817 609 1869 18.
632 1845 664 1858 -
694 1815 920 1884 promptissimus
948 1815 1061 1886 quisque
1083 1835 1104 1870 s.
1130 1817 1158 1870 Ρ.
1184 1823 1382 1882 interciderunt,

167 1907 194 1941 V.
214 1889 342 1943 1111Α1111.
363 1894 394 1954 ¹9
417 1894 465 1955 13,
485 1893 510 1942 1.
532 1886 662 1952 8111ιᾷ)
681 1889 733 1953 2²5
753 1888 780 1941 5·
1159 1961 1160 1964 Ἴ

238 1962 264 2016 ⁵.
302 1961 390 2014 Pauci
407 1979 463 2013 non
481 1959 559 2012 modo
578 1959 713 2020 aliorum,
731 1959 881 2012 sedetiam
899 1962 993 2012 nostri
1008 1965 1171 2032 superstites
1187 1983 1291 2028 sumus,
1310 1967 1382 2038 pauci

168 2039 299 2086 nostrum
318 2049 376 2087 nou
396 2031 482 2086 modo
500 2031 580 2095 aliis,
601 2029 821 2101 (corporaliter)
849 2031 900 2085 sed
927 2031 1016 2086 etiem
1040 2035 1122 2088 uobis
1141 2039 1221 2106 qussi
1247 2045 1382 2112 (respecti

167 2105 277 2158 virium
295 2105 400 2170 snisni)
419 2103 645 2175 superviximus,
674 2103 741 2172 quis
751 2139 760 2168 ,
788 2111 822 2155 ut
839 2103 937 2158 verbis
955 2105 1028 2158 Plin.
1049 2123 1094 2178 ep.
1113 2111 1149 2174 8,
1170 2113 1213 2164 11.
1238 2113 1382 2168 swalcli

168 2175 292 2230 laudetis
310 2185 392 2244 utar,
413 2181 443 2230 tn
499 2181 528 2230 ic
546 2179 694 2229 nostruin
708 2182 850 2244 pectenem
867 2195 971 2248 quoque
987 2177 1128 2241 lubetata,
1143 2180 1260 2249 srartc,
1279 2193 1382 2239 conteni

165 2256 240 2301 sunt.
277 2248 422 2303 Similiter
439 2195 504 2303 111.
525 2265 569 2318 ep.
589 2251 632 2303 3⁰.
667 2247 768 2301 Batus
786 2256 879 2301 noster
896 2250 1006 2302 videtur
1022 2250 1095 2306 milei
1108 2259 1241 2328 prosequi
1258 2276 1288 2312 se
1314 2268 1342 2312 et
1359 2261 1382 2311 si

166 2337 226 2372 sere
244 2328 378 2392 tanquam
396 2329 532 2392 superstes
549 2320 612 2374 sibi.
649 2320 722 2382 „Sui
738 2327 873 2390 superstes
892 2321 1020 2391 dicitur,
1048 2325 1177 2394 quinon
1194 2330 1323 2400 amplius
1343 2338 1382 2384 est

167 2393 262 2462 quslis
280 2395 390 2460 fueret,
424 2394 475 2464 qui
495 2391 609 2446 laudem
627 2391 741 2467 ingenii
759 2401 788 2446 et
805 2393 974 2448 fucultatem
992 2395 1139 2451 scribendi
1157 2401 1264 2456 emisit.
1305 2405 1382 2456 Labe

167 2465 228 2517 rius
246 2465 277 2518 in
295 2467 421 2542 Prologo
441 2481 492 2520 suo
510 2481 539 2518 se
558 2464 677 2518 vocabat
693 2467 811 2534 sepulcri
835 2469 956 2520 similem
975 2470 1067 2522 etmil
1082 2473 1140 2524 nisi
1158 2491 1257 2529 nomen
1275 2481 1382 2532 retinen

166 2539 575 2614 tem.Virg.Aen.1l,16⁰.
613 2555 663 2608 ego
684 2537 797 2592 visendo
823 2541 878 2591 sici
904 2557 966 2592 meo
976 2539 1064 2609 sata,
1100 2555 1233 2613 superstes
1251 2549 1382 2604 liutara

167 2617 200 2661 ut
216 2614 334 2682 genitor.
354 2612 417 2664 Liv.
437 2615 472 2676 2,
492 2615 517 2668 7.
554 2621 582 2664 te
604 2613 781 2680 superstitem
801 2613 910 2682 glorios
933 2630 997 2666 suae
1023 2615 1063 2667 ad
1086 2619 1188 2672 menen
1213 2629 1300 2692 atque
1327 2627 1382 2688 insi

166 2682 243 2735 diam
262 2687 425 2752 superesse.''
445 2683 544 2736 Peerll.
563 2711 600 2722 -
631 2690 665 2734 ut
689 2686 733 2736 ita
756 2685 872 2737 dixerim
891 2701 946 2760 pro
964 2694 996 2739 ut
1015 2691 1060 2741 ita
1078 2687 1177 2742 dicans.
1214 2692 1258 2746 cf.
1280 2691 1382 2758 notai

166 2763 199 2808 ut
217 2759 260 2810 ita
278 2757 394 2810 deserim
413 2757 476 2810 edd.
496 2772 555 2810 rec.
575 2772 611 2808 ex
630 2755 742 2810 emend.
762 2755 854 2810 Rhen.
893 2757 937 2810 lta
955 2767 989 2810 ut
1006 2763 1047 2813 sic
1063 2760 1182 2816 dieerim
1201 2763 1236 2818 G.
1251 2769 1280 2822 2.
1305 2769 1339 2822 Ο.
1356 2763 1382 2824 ti

166 2847 222 2882 non
234 2827 325 2897 facile
342 2830 460 2882 dixerim
479 2827 509 2881 0.
529 2829 573 2882 35.
611 2835 692 2898 utque
711 2830 754 2890 (et
771 2831 818 2892 ut)
842 2832 884 2882 sic
907 2827 1025 2885 direriin
1045 2831 1076 2886 0.
1088 2835 1132 2890 et.
1165 2841 1194 2888 et
1210 2841 1256 2890 uti
1273 2840 1382 2893 dixeris

166 2899 244 2954 MSS.
266 2901 326 2954 Vst.
345 2903 409 2956 Put.
428 2907 503 2965 tres,
523 2897 587 2950 Riv.
607 2897 672 2952 Ber.
691 2899 784 2954 Ilisso.
798 2906 824 2955 1.
843 2901 953 2957 Drouk.
991 2912 1033 2964 et,
1053 2913 1087 2956 nt
1104 2910 1149 2960 itu
1164 2910 1282 2964 diser-im
1303 2913 1382 2970 Rhet

166 2975 193 3028 2.
213 2976 239 3028 3.
268 2980 297 3036 et
321 2991 379 3042 seq.
408 2989 499 3041 usque
524 2969 560 3022 ad
586 2969 656 3023 Em.
682 2989 737 3026 nec
764 2989 822 3026 non
848 2972 927 3028 Sesb.
955 2983 983 3030 et
1008 2978 1137 3032 Peerlk·
1160 2981 1217 3038 Hic
1235 2999 1301 3038 non
1323 2973 1382 3042 ma]

168 3044 254 3097 verbs
273 3045 404 3100 ordinat:
436 3044 522 3097 Peuci
538 3046 698 3110 superstites
716 3061 823 3108 sumus,
841 3053 883 3108 et,
901 3053 935 3098 ut
952 3053 996 3102 ita
1012 3051 1146 3114 dixerim,
1164 3073 1220 3108 non
1237 3060 1324 3112 mosis
1346 3065 1382 3128 ce

166 3143 203 3155 -
221 3119 328 3170 iuuenes
347 3117 386 3170 ad
400 3123 578 3175 senectutem,
596 3131 671 3170 senes
690 3124 744 3170 cet.
766 3121 802 3171 ct.
822 3117 858 3171 ed
875 3117 948 3173 Ano.
968 3127 1003 3188 1,
1022 3127 1059 3190 3,
1078 3127 1106 3180 8.
1128 3153 1161 3168 -
1179 3145 1230 3197 per
1247 3133 1382 3198 silentiu}

167 3189 213 3251 (ut
232 3205 256 3242 c.
276 3193 302 3245 6.
321 3197 351 3244 et
368 3191 428 3254 39.)
455 3191 595 3248 venimus,
629 3187 720 3242 dediti
744 3193 862 3243 inertiae
889 3201 918 3246 et
940 3194 1074 3260 desidiae,
1106 3215 1161 3252 nec
1185 3201 1247 3254 susi
1264 3201 1382 3280 scribsi

167 3265 217 3313 aut
234 3277 320 3334 agere
340 3269 501 3315 memoratu
520 3259 608 3386 dique
626 3261 804 3330 temporibus
823 3263 884 3330 his,
918 3267 1023 3334 quibus
1049 3273 1164 3341 ingenia
1181 3275 1338 3348 studiaque
1358 3299 1377 3332 ο

590 3333 838 3401 ...
867 3408 1382 3478 ...

166 3493 243 3530 snam
269 3443 387 3531 virtuti:
412 3495 570 3548 rerumque
598 3443 743 3553 gestsdum
772 3445 831 3549 per,
851 3481 941 3536 vitam
966 3503 1046 3540 susm
1069 3487 1217 3558 produnt3
1252 3493 1339 3548 css-t.
1374 3511 1382 3554 s

167 3547 236 3602 Sall.
258 3549 318 3603 Cat.
339 3555 363 3604 1.
402 3551 551 3606 Silentium
575 3549 673 3604 Genu.
692 3551 905 3626 Besclue'inlung
922 3560 1058 3630 geistiger
1077 3561 1258 3634 Tise'itigleit5
1283 3567 1382 3632 Wale

238 3625 264 3677 in
302 3621 364 3676 Non
388 3630 481 3676 tamen
502 3624 614 3696 pigebit
637 3652 673 3662 -
697 3629 858 3678 memoriam
880 3655 917 3666 —
943 3639 1145 3701 composuisse,
1181 3643 1214 3688 ut
1244 3639 1275 3692 in
1302 3643 1382 3716 Ρη,

168 3693 247 3746 Livii
270 3695 377 3748 iuvabit
405 3704 513 3758 tamen,
544 3700 693 3750 memoriae
718 3707 969 3770 rerumgestarum
987 3733 1023 3743 —
1040 3709 1223 3774 consuluisses
1246 3711 1352 3768 Mons.
1379 3741 1382 3772 ⁴,

167 3767 211 3822 uel
227 3767 371 3820 incondita
388 3787 422 3820 oe
439 3769 503 3820 rudi
519 3787 595 3828 voce,
614 3769 713 3822 Germ.
733 3773 764 3824 in
783 3777 984 3844 ungeregelter,
1011 3779 1281 3853 ungeschmee'diger,
1315 3775 1382 3843 ιη,1

165 3837 353 3899 sehmiclter,
390 3841 544 3895 kunstloser
573 3841 632 3894 und
664 3841 732 3894 nocis
764 3849 856 3916 wenig
886 3847 1088 3918 abgegldtteter
1115 3853 1252 3923 Sprache5
1284 3859 1382 3918 Wali

167 3909 335 3978 Modestius,
355 3931 440 3982 quam
460 3913 594 3982 debebat,
622 3913 656 3968 de
675 3933 705 3968 se
723 3915 805 3985 loqui
823 3919 941 3971 videtur
958 3919 1093 3985 Tacitus,
1121 3935 1221 3981 orator
1239 3929 1323 3984 olim
1353 3935 1382 3992 c]

166 3982 314 4046 sissinium
350 3986 399 4038 sed
423 3985 506 4040 stilus
533 3985 675 4039 oratorius
701 4005 759 4042 non
778 3997 819 4042 est
838 3989 1012 4061 historicus,
1045 4003 1073 4048 et
1092 4001 1271 4068 temporibus
1290 4004 1382 4064 Dou

167 4055 237 4104 tiani
257 4055 372 4126 ingenia
391 4059 481 4130 magis
497 4059 628 4112 hebetari
647 4066 675 4112 et
694 4061 812 4114 obtundi
830 4071 978 4133 poterant,
1011 4085 1096 4136 quem
1125 4071 1163 4124 ali
1190 4080 1219 4126 et
1247 4093 1382 4140 exerce

164 4124 207 4177 cf.
228 4126 346 4182 Wulch.
368 4157 398 4169 -
434 4129 495 4182 Non
512 4133 619 4201 pigebit
636 4139 798 4186 memoriam
815 4141 1013 4206 composuisse:
1038 4141 1188 4216 ..ἀορίστως
1212 4147 1289 4199 dixit
1315 4153 1382 4208 Ta<

163 4203 208 4247 tus
229 4215 474 4267 prorumpentes,
508 4209 539 4252 ut
567 4205 672 4256 iuuabit
688 4223 741 4274 pro
759 4211 839 4260 cirili
856 4217 883 4260 et
902 4213 991 4278 ipsum
1009 4217 1174 4272 consuluisse
1202 4219 1268 4272 lsiv.
1300 4225 1382 4286 Ρη,

162 4270 235 4322 illud
250 4289 305 4322 non
322 4273 474 4338 poenitebit
491 4290 599 4328 curasse
617 4276 735 4341 Quintil.
754 4284 767 4333 1
775 4317 784 4344 ,
804 4284 838 4344 1,
858 4285 902 4336 et.
949 4283 999 4337 sic
1025 4295 1052 4340 et
1077 4307 1163 4359 supra
1198 4290 1238 4360 (v.
1259 4304 1352 4352 noea
1381 4337 1382 4352 ,

157 4347 195 4390 ut
214 4345 257 4392 its
276 4343 406 4404 dixerim,
431 4344 503 4397 Anu.
524 4349 557 4412 6,
576 4351 612 4404 22
630 4357 702 4402 extr.
742 4371 775 4406 ne
795 4369 866 4406 nune
886 4357 993 4426 incepto
1011 4361 1122 4431 longius
1140 4364 1277 4426 abierim,
1298 4369 1350 4426 Ο.
1376 4377 1382 4434 1
