2864 4794
194 223 254 286 116
542 217 718 281 LIBELLI
747 216 805 280 DE
827 214 1063 280 GERMANIA

191 385 340 446 diruentis,
367 401 428 454 cap.
449 387 489 438 11.
529 385 683 454 incompti,
710 382 784 436 unde
810 381 948 436 Germani
970 385 1046 434 victu
1071 381 1174 433 inculti
1197 379 1263 434 Mel.
1283 385 1322 448 3,
1343 385 1377 436 3.
1412 397 1419 430 ι

192 475 293 513 eorum
312 457 420 520 robur,
438 474 505 508 nam
523 456 597 510 cibus
617 459 785 510 utilissimus
802 453 913 507 homini
928 457 1061 524 simplae
1080 451 1165 520 (Plin.
1184 459 1228 519 11,
1246 453 1305 522 53.)
1326 453 1419 520 Lon!

191 532 330 600 simplices
348 529 431 583 nullo
450 527 635 584 condimento
654 527 801 598 corrupti3
821 527 896 580 llere.
917 526 959 580 01.
980 525 1017 580 ael
1036 542 1060 577 e.
1080 529 1107 580 1.
1128 544 1157 578 ιι.
1171 527 1197 580 5.
1218 534 1247 580 et
1264 525 1303 579 ad
1324 543 1351 578 c.
1384 529 1419 578 11

192 621 221 656 ιι.
241 605 268 659 7.
306 600 368 655 Nou
386 603 505 654 multum
516 598 678 668 frumento,
705 601 755 654 sed
769 603 920 652 marimum
937 607 1045 670 partem
1064 600 1155 660 laete,
1191 615 1267 651 caseo
1286 603 1316 650 et
1334 615 1419 649 carr.¹

190 678 307 734 uiuunt,
334 674 424 738 (Caes,
445 673 471 726 b.
492 673 526 728 0.
547 676 580 740 1,
600 679 625 728 1.
644 676 677 740 8,
696 672 756 740 22.)
782 671 881 726 diuites
899 673 1014 743 butyro,
1043 671 1129 736 (Plin.
1150 673 1203 736 11,
1222 674 1266 726 96.
1286 673 1335 734 28,
1357 672 1419 726 35.

191 747 279 802 multi
297 746 396 817 pulte,
429 753 528 816 perata
559 763 595 799 ex
619 762 724 811 evene,
756 745 841 812 (Plin.
867 747 918 810 18,
944 747 987 799 17.
1007 763 1029 796 s.
1048 747 1107 806 11.)
1135 741 1245 798 Chauci
1273 743 1419 814 piscibus

191 820 277 886 (Plin.
299 820 408 886 16,1.)
435 817 561 870 insulani
580 817 642 870 ovis
660 817 773 882 evium,
808 817 935 888 piscibus
962 823 991 870 et
1016 816 1124 869 evenis.
1145 815 1263 884 (Caesar
1280 815 1307 868 b.
1330 815 1373 867 G.
1404 817 1419 866 1

190 897 234 946 10.
254 892 329 945 Mela
346 896 381 958 3,
400 893 427 946 6.
462 889 552 944 Solin.
574 893 631 956 19.)
650 918 687 931 -
719 893 846 960 agrestia
871 888 1010 954 (nondum
1030 887 1192 952 hortensia3
1221 905 1248 940 v.
1268 904 1333 957 nep.
1355 889 1419 943 26.

186 982 287 1034 poma,
306 962 450 1018 silvestria
467 978 566 1032 poene,
584 963 650 1033 pira
669 969 697 1016 et
714 979 808 1032 pruna
818 999 827 1028 ,
846 963 937 1036 fraga,
958 961 1063 1014 baccae
1080 959 1147 1014 vitis
1167 959 1283 1024 Idaeae,
1304 976 1419 1012 cerasa

189 1053 295 1102 nuces,
315 1035 404 1102 ficus,
422 1033 552 1104 mispele.
571 1053 599 1088 v.
619 1033 656 1088 ed
674 1051 736 1104 csp.
756 1037 782 1089 5.
802 1052 830 1086 ιι.
850 1037 875 1090 3.
895 1039 925 1087 et
942 1033 1060 1086 Venent.
1080 1033 1161 1086 Eort.
1181 1037 1226 1098 11,
1247 1035 1290 1087 18.
1329 1031 1419 1085 Pom.

189 1107 327 1161 dicuntur
345 1123 445 1160 omnes
463 1107 599 1160 arborum
609 1143 618 1171 ,
637 1106 777 1159 fruticum
795 1105 1052 1182 virgultorumque
1069 1107 1176 1180 finges.
1194 1125 1228 1146 ⁴-
1245 1121 1339 1158 recens
1361 1107 1419 1170 (sc

188 1189 287 1307 tlte
304 1177 1175 1326 1111111191111991111111’.1
1193 1176 1419 1316 91119

185 1325 254 1452 tt
270 1322 406 1452 situ
487 1325 755 1454 aristeto.
768 1321 886 1452 liu
904 1269 1335 1464 o..c:=.:l.t⁹sscz.;c
1352 1321 1419 1444 ⁶2:

354 1435 362 1449 ι
408 1433 418 1464 ,
460 1430 470 1460 5
507 1436 515 1450 ι
802 1432 812 1464 ,
857 1434 864 1448 s
1343 1431 1351 1455 5
1417 1429 1419 1442 ι

186 1469 272 1522 crudo
301 1473 386 1522 etiam
417 1487 500 1522 eume
525 1477 671 1522 vescuntur
698 1475 749 1520 met
772 1470 929 1528 recenti,
963 1475 1015 1520 out
1031 1485 1114 1538 quum
1132 1472 1269 1538 rigentem
1288 1471 1320 1518 ire
1340 1471 1419 1536 ipsis

182 1541 314 1611 pecudum
333 1540 515 1614 semumque
549 1544 654 1602 coriis,
689 1541 818 1594 manibus
841 1541 1005 1611 pedibusque
1030 1541 1193 1612 subigendo,
1230 1547 1419 1592 renovarunt

185 1613 295 1668 Gontre
322 1617 515 1689 προςφέροπαι
545 1615 611 1688 κρέα
636 1615 756 1685 μεληδὸν
779 1613 971 1684 ὠπτημένα·
1010 1620 1057 1668 καὶ
1087 1616 1235 1668 ἐπιπίιουσι
1261 1609 1337 1682 γάλα
1368 1633 1415 1666 eea

184 1689 257 1740 cleos
275 1685 408 1760 ἄκρατον·
434 1685 522 1758 τροφή
541 1686 565 1740 δ’
586 1688 655 1741 losse
673 1685 751 1759 ἄρτοι
767 1691 816 1756 μὲν
833 1682 936 1757 ileyoe,
964 1687 1031 1759 κρέα
1048 1685 1078 1740 tt
1096 1682 1187 1740 πόλλα
1209 1684 1341 1738 Posidon.
1365 1701 1419 1756 ap.

184 1757 338 1825 Athensl,
359 1763 402 1815 13.
441 1759 486 1812 lto
513 1765 541 1811 et
567 1759 688 1812 Cimbros
703 1762 790 1828 punis
807 1775 859 1810 usu
877 1762 1065 1828 carnisque
1084 1765 1204 1810 coetae
1222 1764 1250 1808 et
1266 1759 1329 1811 oiue'
1345 1757 1419 1810 elul-

182 1831 276 1883 cedine
293 1835 441 1902 mitigatos
460 1831 532 1884 elicit
549 1830 629 1885 Flos.
649 1835 685 1898 3,
704 1837 731 1888 3.
752 1830 795 1884 01.
816 1830 918 1885 Strabo
937 1833 970 1896 7,
991 1836 1023 1894 1,
1042 1834 1068 1885 3.
1093 1829 1234 1914 cunning.
1253 1829 1291 1882 11.
1307 1846 1338 1954 p.
1359 1833 1419 1885 56.

183 1904 413 1970 Cluver.1,17.
451 1902 592 1970 „Romani
611 1919 702 1970 vero,
721 1903 832 1972 saporis
851 1903 932 1956 istius
951 1901 1127 1956 sublimioris
1145 1901 1286 1975 megrstri,
1321 1920 1419 1954 exam

182 1977 240 2030 iem
259 1976 426 2046 vietemque
443 1978 573 2028 tererem
592 1991 712 2030 carnem
731 1975 898 2050 diligebant.
925 1993 952 2028 v.
972 1976 1066 2046 intpp.
1087 1976 1186 2028 Horat.
1205 1973 1263 2028 Set.
1282 1976 1310 2041 2,
1327 1977 1355 2040 8,
1383 1980 1416 2030 6.

182 2047 233 2100 llic
252 2047 345 2122 igitur
363 2048 507 2102 saniorem
527 2046 738 2102 Geminorum
758 2049 899 2102 rationem
919 2047 1042 2118 opponit
1060 2049 1186 2101 ιιοετει.υ
1205 2045 1312 2101 Passer.
1349 2047 1419 2102 Ge-

181 2128 276 2174 tcrum
294 2119 447 2174 Germanis
467 2123 624 2190 ingentium
642 2120 783 2172 beluarum
794 2119 904 2190 seroces
921 2123 1029 2181 soltus,
1056 2121 1164 2174 modica
1183 2119 1259 2172 domi
1276 2129 1419 2173 armenta

180 2199 266 2252 sunt,
290 2189 364 2244 Ann.
384 2196 419 2258 1,
438 2194 483 2249 72
502 2219 539 2231 -
571 2195 614 2244 lac
637 2199 793 2247 sorentum
821 2209 880 2247 non
904 2193 1059 2263 butyrum,
1090 2193 1170 2246 cibus
1189 2191 1333 2260 divitum,
1363 2193 1414 2260 (v.

180 2265 254 2318 Plin.
274 2265 323 2329 28,
342 2269 375 2330 9,
395 2263 453 2333 35.)
473 2263 522 2318 sed
541 2265 589 2317 vel
608 2279 720 2332 cessus,
740 2265 793 2330 (cf.
813 2264 892 2319 Gees.
911 2264 937 2318 b.
959 2265 994 2318 G.
1015 2267 1048 2330 6,
1068 2263 1128 2330 22.)
1151 2265 1201 2318 vel
1218 2265 1312 2335 potius
1332 2281 1415 2336 oxy-

179 2337 261 2460 ἰὼ,
293 2336 339 2389 leo
360 2335 546 2410 coagulatum
565 2344 613 2390 eut
631 2355 736 2391 serum.
757 2337 845 2404 (liele
862 2335 964 2398 Mitule,
995 2354 1149 2409 gerouueue
1176 2337 1241 2390 oder
1264 2337 1412 2391 verdiclrte

210 2409 280 2470 tiele,
299 2409 481 2462 Butterme'lcle
499 2409 563 2462 oder
580 2407 708 2474 Molleus
734 2409 841 2479 Dilth.)
876 2427 903 2462 v.
929 2411 1004 2468 Plin.
1031 2411 1052 2463 l.
1078 2411 1098 2463 l.
1127 2418 1157 2464 et
1181 2415 1233 2476 11,
1252 2415 1295 2466 11.
1316 2429 1336 2464 s.
1354 2415 1411 2466 96.

179 2479 279 2535 Sidon.
304 2479 401 2552 Apoll.
429 2498 518 2534 cerm.
547 2483 641 2548 12,1.
679 2483 797 2536 Cluver.
820 2487 851 2548 1,
871 2485 914 2537 17.
949 2481 1047 2535 Barth.
1067 2483 1104 2536 11.
1130 2501 1158 2554 p.
1177 2485 1240 2540 251.
1285 2482 1410 2536 Gulosis

179 2561 280 2606 contre
298 2551 434 2608 Romanis
452 2553 546 2606 Taciti
570 2555 750 2625 temporibus
775 2563 804 2608 et
828 2553 954 2625 pretiose
972 2555 1192 2625 apponebantur
1208 2555 1276 2608 vine
1294 2564 1323 2610 et
1340 2557 1410 2608 eibi

180 2623 371 2678 delicatiores.
398 2645 426 2679 v.
448 2624 525 2680 Gell.
545 2631 578 2692 7,
599 2631 642 2683 18.
666 2627 796 2684 luvenul.
815 2631 851 2692 5,
870 2631 1022 2686 21-171.
1043 2633 1097 2694 11,
1116 2631 1250 2682 1-118.
1271 2631 1321 2692 11,
1340 2632 1411 2684 6-

179 2701 222 2752 11.
253 2695 323 2752 sall.
344 2697 405 2751 Cat.
427 2701 480 2762 13,
500 2703 526 2756 3.
555 2699 660 2753 Athen.
679 2705 713 2765 3,
735 2705 777 2755 13.
811 2701 913 2754 Horat.
933 2699 990 2754 Sat.
1010 2701 1044 2766 2,
1065 2702 1098 2765 2,
1117 2704 1152 2758 31
1167 2717 1226 2769 seq.
1245 2705 1275 2766 1,
1293 2705 1327 2758 31
1339 2719 1406 2770 seq.

179 2769 250 2822 Plin.
271 2774 303 2836 9,
323 2772 373 2835 18,
393 2771 437 2826 32
457 2773 501 2825 51.
522 2779 551 2824 ct
568 2776 612 2828 79.
633 2777 676 2838 11,
697 2776 740 2827 15.
761 2776 803 2828 19.
823 2775 866 2828 25.
887 2772 953 2826 Sen.
973 2772 1027 2842 Ep.
1046 2777 1090 2829 79.
1112 2773 1194 2826 etad
1212 2773 1295 2826 Hele.
1316 2778 1407 2830 c.10.

179 2841 301 2894 Macrob.
322 2839 379 2895 sat.
398 2844 430 2907 2,
450 2847 494 2897 11.
513 2848 549 2908 3,
571 2848 614 2900 18.
641 2844 744 2912 quibus
764 2845 836 2898 locis
856 2846 944 2898 etiem
964 2845 999 2898 de
1018 2845 1150 2898 ciborum
1173 2855 1311 2915 apparatu
1329 2847 1406 2899 urti-

178 2913 279 2966 licioso
303 2914 417 2987 egitur,
446 2921 476 2967 et
503 2913 538 2968 de
561 2915 776 2977 blandimentis,
807 2933 909 2970 eorum
934 2917 1125 2971 condimentis
1151 2926 1180 2971 et
1205 2919 1405 2974 odoramentis

178 2985 327 3052 vinorum,
365 3001 439 3052 quae
457 2986 583 3040 sensibus
602 2989 785 3040 blandiuntur
802 2989 965 3058 lassumque
984 2988 1165 3043 stomachum
1184 2999 1335 3058 recreent,
1361 2991 1403 3046 de

178 3057 295 3122 helene,
316 3073 418 3126 caepe,
447 3059 548 3124 sisere,
574 3059 702 3127 lactuca,
732 3060 841 3130 repulis
860 3068 913 3114 cet.
951 3062 1114 3132 Apparatus
1139 3063 1246 3132 ubique
1270 3063 1404 3117 luxurio-

178 3129 282 3182 siorem
300 3127 419 3182 vivendi
436 3131 554 3184 modum
581 3131 741 3208 significet3
770 3133 874 3186 Giintle.
893 3161 930 3174 ···
963 3137 1101 3204 erpellunt
1118 3134 1246 3203 sorerem,
1271 3145 1303 3188 ut
1319 3137 1401 3190 Ann.

178 3205 231 3267 11,
249 3203 294 3257 21.
331 3203 511 3270 propulsare,
529 3203 604 3257 Anu.
624 3206 732 3271 15,12.·
752 3213 781 3258 et
799 3205 861 3260 Cic.
882 3204 918 3260 de
937 3205 986 3259 fin.
1007 3213 1032 3275 1,
1053 3213 1096 3262 11.
1133 3208 1271 3278 depellere,
1288 3205 1399 3262 Tibull.

177 3276 210 3342 2,
230 3279 262 3340 1,
281 3275 307 3328 8.
343 3275 462 3342 pellere,-
480 3275 567 3348 Loug.
587 3286 616 3331 et
634 3279 709 3332 llese.

248 3349 294 3473 12.2
311 3345 448 3400 Aduersus
466 3351 547 3401 sitim
565 3367 621 3403 rou
640 3352 732 3404 eadem
749 3355 951 3422 temperantia,
984 3355 1021 3406 ci.
1042 3352 1077 3406 ed
1095 3369 1156 3423 cap.
1175 3355 1201 3409 1.
1222 3373 1251 3407 ιι.
1271 3357 1295 3410 o
1312 3357 1343 3406 et
1359 3353 1401 3407 ael

179 3433 239 3488 cep.
295 3436 349 3471 .n.
369 3423 395 3472 1.

248 3491 275 3546 5.
312 3489 387 3544 baud
401 3494 495 3546 miuus
505 3490 597 3562 fusile
614 3497 713 3555 vitiis,
747 3501 821 3564 potu
840 3495 1045 3563 isnmoderslo,
1072 3495 1224 3562 ebrietate,
1251 3515 1330 3568 quom
1349 3517 1399 3552 ur-

178 3563 233 3614 mie
249 3567 407 3617 oiueeutur:
434 3566 468 3618 in
486 3567 550 3619 cod.
570 3566 665 3620 Bemb.
684 3571 751 3620 uiuo
770 3583 824 3636 pro
842 3569 939 3630 uitiis,
956 3567 1034 3622 haud
1051 3569 1136 3624 dubie
1154 3587 1169 3623 e
1187 3569 1303 3644 glossar
1323 3569 1399 3625 Sen-

178 3635 269 3688 tentia
288 3643 344 3688 est:
363 3637 523 3692 effeminati
542 3639 629 3692 facile
648 3639 819 3693 vincentum
839 3655 929 3707 quum
949 3658 1018 3695 vero
1036 3641 1174 3696 Genneni
1192 3660 1208 3695 e
1226 3643 1306 3697 nobis
1323 3645 1397 3698 effe·

177 3707 284 3760 minori
302 3717 459 3778 nequeunt,
491 3709 572 3764 nobis
600 3711 688 3765 etiem
716 3711 902 3768 invincibiles
920 3721 1021 3780 erunt,
1049 3713 1155 3768 Weiske
1172 3731 1201 3784 p.
1220 3715 1283 3770 281.
1327 3718 1397 3772 Νοιι

177 3779 303 3831 invictos
323 3787 351 3833 et
368 3781 437 3835 vino
457 3789 486 3835 ct
502 3784 590 3836 ermis
609 3784 769 3860 significari
785 3791 872 3855 puto,
911 3803 1006 3856 neque
1023 3794 1120 3840 temen
1141 3787 1226 3842 etiem
1244 3788 1326 3842 iecile
1344 3807 1394 3841 nr-

177 3851 232 3903 mis
251 3850 334 3904 vinci
353 3851 527 3921 Germanos,
559 3855 625 3922 sed,
652 3857 675 3908 si
695 3858 759 3927 quis
778 3875 810 3911 ee
829 3857 949 3913 irretire
967 3859 1060 3930 possit
1078 3875 1126 3914 eos
1144 3859 1295 3924 illecebri,
1322 3861 1393 3916 illos

176 3923 258 3976 iuxta
276 3923 361 3978 facile
380 3925 492 3979 victum
511 3927 550 3979 iri
568 3927 626 3981 hoo
643 3945 751 4002 genere
774 3929 931 3996 vitiorum,
964 3950 1048 4002 quam
1072 3936 1177 3993 umis,
1209 3935 1393 4002 inexsupera-

175 3993 229 4047 bili
255 3995 286 4048 vi
311 4013 459 4050 armorum
483 4005 532 4051 unt
556 4017 587 4053 ea
615 4003 692 4054 molo
716 4017 880 4066 annorum,
914 4003 1016 4071 quibus
1037 4003 1119 4058 vinci
1144 4013 1279 4075 possumis
1307 4008 1390 4061 Grou.

176 4065 329 4126 Germanis
348 4075 460 4136 tuneo,
490 4070 675 4142 triumphetis
693 4073 800 4150 magis,
821 4089 908 4142 quem
927 4077 1027 4144 victis,
1047 4081 1123 4149 (cap.
1142 4082 1178 4136 37
1198 4083 1284 4143 extr.)
1300 4081 1391 4152 magis

175 4139 373 4195 convenisset:
399 4141 521 4210 facilius
542 4147 640 4206 vitiis,
668 4165 752 4218 quoru
774 4149 877 4206 umis,
907 4151 1059 4204 uinceretur.
1105 4149 1154 4204 Sic
1179 4151 1280 4204 lustin.
1306 4155 1335 4215 1,
1359 4155 1388 4208 8.

174 4210 290 4280 scyllae
303 4217 385 4282 prius
404 4216 549 4276 ebrietate,
580 4235 663 4288 quam
687 4219 756 4273 bello
779 4222 947 4288 uincuntur,
984 4230 1013 4277 et
1031 4223 1196 4294 exemplum
1214 4231 1390 4278 memoretur

171 4281 246 4335 Ann.
268 4289 299 4351 1,
319 4287 362 4341 50.
404 4287 657 4344 Zimmennannus
682 4291 816 4362 exponit:
846 4309 936 4362 neque
962 4295 1085 4350 difficile
1112 4297 1184 4363 erit,
1220 4313 1267 4350 eos
1285 4299 1387 4350 vincere

169 4359 264 4418 ettiie,
290 4356 443 4427 ebrietate,
462 4361 516 4427 (eie
534 4364 627 4416 uieeler
643 4381 678 4419 eu
695 4363 821 4426 utitor,
840 4368 879 4420 im
898 4367 1019 4424 Triuleu
1036 4385 1070 4424 cu
1089 4369 1288 4436 ilemumeeu)
1304 4388 1386 4440 quam
