2792 4792
455 205 597 273 CAPU'I'
618 202 741 276 XXXI.
1151 219 1210 282 113

85 360 116 425 tl„
147 375 222 426 Alios
240 373 281 426 ad
290 375 428 444 proelium
446 379 488 427 ire
506 376 612 437 videas,
632 376 758 432 intentos
778 385 888 432 tantum
907 379 942 432 ad
959 383 1127 452 proximum
1147 399 1210 436 oer-

41 455 114 508 111111,
130 445 234 499 cteta
252 447 292 500 ad
306 449 418 508 beUum,
437 448 591 502 universae
604 449 798 518 expeditionis
817 452 940 504 consilia
959 455 1114 530 agitantem
1133 455 1209 510 unde

39 522 112 569 arat
125 535 217 572 eornm
237 537 363 574 mnas
390 527 419 574 et
440 539 556 592 pugnae
572 519 728 590 fortuitae,
763 524 856 588 leves,
888 541 961 593 quae
984 527 1094 580 nullius
1118 544 1209 596 paene

37 591 134 642 momenti
150 600 219 644 sont.
256 595 355 654 „Aliae
372 593 412 645 ad
423 595 563 662 proelium
580 591 669 648 unico
689 596 799 665 impetu
819 597 1032 652 conficiendum
1052 604 1092 652 ire
1109 601 1210 663 videas,

36 663 113 718 Chattos
128 665 162 716 ad
175 665 273 718 bellum
296 673 376 731 arte,
401 663 569 735 disciplina,
595 673 745 738 tempore,
774 667 1049 736 administrandum,
1079 671 1155 725 Brot.
1175 703 1209 716 -

32 735 119 801 samita
132 755 224 809 pugna
243 755 282 790 so.
301 755 384 804 rara,
405 738 509 790 cante
801 769 809 782 x

82 833 113 884 13.
144 829 316 900 Equestriam
334 847 400 883 sane
418 834 521 882 virium
541 837 595 883 cet.
606 867 615 896 ‚
635 838 668 881 ut
687 828 859 884 Parthorum
879 839 907 886 et
927 831 1132 900 Cossaeorum,
1152 852 1211 888 non

35 897 175 968 tatinum,
195 919 320 972 quorum
340 907 370 956 in
385 903 477 971 pedite
496 921 574 955 omne
592 904 690 967 rodum·
708 903 800 955 Dilth.
819 933 855 942 -
879 908 934 958 cita
953 907 1039 958 cedere
1058 925 1095 960 sc.
1115 907 1210 962 victo·

36 971 94 1038 rian,
109 991 158 1026 non
174 973 269 1040 hosti;
287 975 355 1028 Ern.
393 975 468 1028 Nam
489 975 603 1040 Chatti,
624 975 806 1044 pedestribus
826 977 918 1046 copiis
938 979 1131 1047 confidentes,
1148 997 1210 1046 ¹non

35 1046 107 1110 riou,
123 1047 166 1100 sed
183 1055 293 1102 aemam
312 1048 469 1100 victoriam
488 1047 688 1112 accubantum
707 1047 813 1102 Jacobs.
852 1051 959 1102 caedere
978 1051 1021 1104 ed.
1042 1070 1087 1124 pr.

80 1140 112 1190 ll.
146 1137 280 1192 Velocitae
300 1143 379 1192 iuxta
391 1135 597 1207 formidinem,
617 1142 758 1192 cunctatio
774 1143 890 1209 propior
907 1146 1083 1196 constantiae
1101 1150 1153 1204 est,
1179 1152 1211 1196 ut

34 1223 60 1274 tp.
74 1207 129 1262 Sall.
146 1209 204 1264 Cat.
226 1215 270 1266 11.
308 1211 381 1282 quod
396 1219 487 1263 tamen
506 1215 607 1264 vitium
626 1210 767 1280 (ambitio)
783 1216 900 1282 propius
918 1217 1048 1268 virtutem
1066 1223 1136 1276 erat,
1154 1215 1210 1268 mi·

34 1297 148 1348 nusquam
165 1283 288 1338 avaritia
305 1303 322 1336 a
340 1285 450 1336 virtute
470 1283 581 1346 aberat3
606 1281 713 1336 Jacobs.
751 1283 782 1338 si
811 1285 876 1354 quis
900 1283 1012 1340 hostem
1031 1288 1209 1354 resonantur,

35 1355 167 1407 tonsorios
186 1373 252 1409 enm
272 1355 463 1431 aggreditur,
499 1363 531 1408 ut
555 1357 639 1406 imur
667 1355 699 1406 in
725 1356 820 1409 locum
841 1358 957 1410 virtutis
977 1359 1074 1412 cedat:
1100 1368 1209 1426 contra,

33 1425 130 1490 quivere
145 1429 228 1482 fortis
248 1437 304 1494 est,
325 1436 406 1481 caute
425 1446 458 1480 ac
476 1428 636 1498 prudenter
654 1436 823 1494 cunctatur;
841 1430 970 1483 Emmerl.
1007 1432 1149 1486 velocitas
1168 1434 1209 1486 ia·

34 1497 71 1548 tile
84 1500 168 1581 gignit
185 1501 386 1566 sonnidinem,
427 1501 532 1552 rudens
551 1515 621 1554 vero
641 1502 786 1554 cunctatio
806 1501 976 1556 firmitatem
990 1505 1081 1556 animi
1101 1513 1129 1558 et
1140 1521 1210 1558 con·

32 1575 142 1636 malam
164 1571 256 1626 Data
296 1578 376 1626 taeta
386 1517 589 1642 ssrmidinem,
618 1591 645 1624 v.
672 1571 708 1625 ad
733 1591 794 1643 cap.
814 1577 857 1628 21.
886 1594 914 1627 n.
934 1580 960 1632 3.
992 1584 1021 1628 et
1039 1575 1074 1628 ad
1091 1577 1163 1628 Ann.
1183 1581 1210 1642 6,

32 1643 62 1704 ll,
77 1649 94 1696 1.
125 1649 249 1699 astatis
268 1645 312 1700 ed.
331 1663 376 1716 pr.
414 1649 539 1699 cantatio
553 1649 673 1715 propria
692 1651 867 1700 constantiae
887 1655 942 1700 cet.
962 1649 1022 1700 Par.

436 1807 628 1862 CAPUT
670 1808 767 1862 XXXI.

84 1935 118 2000 Et
144 1940 215 2002 aliis
246 1935 490 2000 Germanorum
517 1939 648 2022 populis
680 1945 899 2023 usurpatum,
930 1959 1007 2002 rara
1029 1949 1062 2003 et
1083 1942 1213 2024 privata

31 2021 152 2103 onusque
178 2021 355 2100 audentia,
387 2020 477 2105 apud
498 2019 634 2086 Chattos
662 2025 696 2084 in
720 2043 915 2085 consensum
935 2025 1056 2103 vertit,
1084 2033 1122 2086 nt
1142 2027 1212 2110 pri·

32 2121 90 2162 nun
108 2103 324 2182 adoleverint,
355 2107 482 2166 crinem
503 2106 706 2189 barbamque
727 2110 933 2169 summittere
954 2127 1033 2186 nec,
1067 2109 1130 2169 nisi
1154 2109 1211 2169 ho-

31 2193 61 2245 ste
75 2207 168 2259 caeso,
198 2207 322 2252 exuere
350 2189 501 2250 votivum
530 2189 776 2274 obligatumque
805 2193 925 2252 virtuti
955 2193 1024 2252 orie
1051 2191 1209 2252 habitum.

31 2263 105 2350 Super
123 2275 312 2360 sangninem
333 2281 367 2333 et
388 2273 491 2354 spolia
512 2274 661 2336 revelant
682 2277 844 2353 frontem,
867 2293 967 2357 seque
988 2282 1058 2334 tum
1081 2273 1211 2337 demum

30 2356 104 2430 pretia
122 2353 273 2418 nascendi
295 2355 449 2417 retulisse
470 2354 651 2442 dignosque
678 2360 787 2440 patria
815 2377 853 2419 ac
874 2358 1067 2442 parentibus
1089 2361 1231 2422 ierunt..

31 2431 124 2514 latiaris
149 2449 182 2502 et
212 2439 398 2501 imbellibus
426 2449 535 2500 manet
566 2441 709 2522 squalor.
752 2441 963 2502 Fortissimus
986 2443 1124 2526 qttisqus
1147 2446 1212 2504 fer-

30 2535 93 2580 ram
110 2524 244 2606 insuper
266 2521 426 2584 annulum
448 2517 719 2607 (ignominiosum
745 2522 782 2584 id
803 2523 1022 2610 genti)·velut
1041 2527 1212 2588 vinculum

29 2611 114 2680 gestat,
135 2605 239 2669 donec
260 2625 296 2668 se
317 2603 417 2667 caede
438 2605 541 2668 hostis
562 2607 719 2670 absolvat.
762 2605 919 2668 Plurimis
942 2603 1136 2668 Chattorum
1159 2609 1212 2668 hic

29 2684 104 2762 plna
119 2690 269 2765 habitum
300 2691 432 2770 iamque
461 2699 579 2752 canent
611 2692 756 2776 insignes
786 2697 819 2752 et
839 2689 988 2751 hostibus
1010 2691 1108 2751 simul
1129 2693 1214 2752 suis·

29 2787 71 2846 tte
86 2775 262 2836 monstratie
305 2770 463 2832 Omnium
484 2793 584 2856 penes
606 2773 666 2835 hos
687 2775 785 2834 initia
806 2793 1012 2860 pugnarum:
1043 2773 1123 2835 haec
1144 2775 1214 2857 pri-

30 2869 62 2910 m
77 2874 193 2940 semper
212 2859 304 2918 acies
325 2857 400 2918 visu
421 2873 526 2931 nova,
555 2875 630 2918 nam
660 2877 703 2918 ne
722 2860 759 2917 in
780 2875 860 2940 pace
881 2853 1013 2940 quidem
1035 2857 1131 2918 vultu
1153 2859 1214 2918 mi·

28 2935 86 2996 tiore
118 2943 359 3002 mansuescunt
416 2937 510 3000 Nulli
540 2937 656 3004 domus
689 2949 747 3004 aut
785 2960 865 3027 ager
898 2948 957 3002 aut
984 2939 1093 3023 aliqua
1121 2961 1211 3002 cura.

29 3011 100 3080 bont
117 3023 156 3084 ad
176 3043 343 3108 quemque
363 3042 504 3094 venero,
527 3023 684 3099 aluntur;
706 3021 840 3172 1110111·ἓὶ
861 3024 981 3102 alieni,
1012 3033 1213 3107 contempto-

29 3108 147 3246 {Zasoh
189 3106 297 3170 donec
326 3109 501 3193 exsanguis
530 3115 681 3170 senectus
708 3115 776 3169 tam
819 3128 902 3171 urae
921 3110 1044 3172 virtuu·
1070 3110 1213 3192 impares
1249 3175 1252 3184 ,

85 3197 103 3246 1.

75 3327 94 3376 1
126 3325 169 3378 Ad
195 3325 254 3380 hoc
282 3331 369 3394 caput
396 3325 434 3378 ot.
461 3323 562 3378 huden
584 3325 618 3380 T.
638 3327 662 3380 1.
688 3344 716 3398 p.
736 3325 799 3381 523.
818 3329 880 3382 733.
900 3327 946 3380 21.
970 3328 1021 3396 qui
1045 3327 1120 3382 illud
1142 3327 1213 3382 bene

30 3397 128 3462 amnt,
145 3399 222 3454 fleas.
242 3425 279 3438 -
308 3397 348 3450 Ee
365 3398 433 3452 aliie
452 3399 651 3452 Germanorum
668 3400 778 3468 populis
796 3406 1108 3468 usurpatum-vertit,
1135 3399 1214 3469 quod

30 3467 85 3528 tend
98 3470 236 3539 privatim
256 3470 401 3544 singulari
428 3469 546 3524 audacia
571 3471 744 3524 inflammati
762 3471 838 3540 apud
857 3471 928 3523 alias
949 3471 1121 3526 Gennaniae
1140 3489 1212 3547 gen-

29 3542 54 3586 ta
66 3541 179 3610 briant,
200 3544 231 3596 id
256 3543 341 3612 apud.
352 3541 470 3596 Chattos
494 3561 623 3597 consensa
642 3543 774 3597 omnium
792 3543 882 3617 vulgo
900 3543 968 3596 lieri
992 3545 1081 3609 soleta
1105 3544 1212 3600 Jacobs:

31 3603 82 3670 aa
97 3616 177 3668 suam
195 3616 265 3669 atis
285 3615 320 3668 c.
341 3616 459 3685 popum
477 3615 508 3666 in
526 3634 580 3668 usu
598 3625 656 3682 aa,
687 3616 738 3670 ssa
762 3617 800 3670 m
827 3625 859 3668 ut
881 3616 990 3689 angam
1016 3623 1045 3670 st
1070 3635 1136 3671 mo
1155 3617 1214 3672 uls

29 3690 97 3736 tatum
120 3689 274 3760 concipere
306 3687 447 3753 audeant,
478 3689 555 3756 apud
577 3688 691 3742 Chattos
717 3693 748 3742 e'n
773 3706 930 3742 consensum
961 3691 1213 3755 (consuetudinem

30 3765 156 3828 caeptam
175 3760 258 3830 Ean.)
278 3765 364 3813 vertit
381 3777 428 3825 se,
449 3776 621 3814 conversum
640 3768 691 3815 est.
729 3760 897 3814 Communis
917 3762 1048 3814 omnium
1067 3781 1128 3818 mos
1147 3781 1213 3817 eva-

12 3831 63 3904 '{¹l³
79 3829 169 3886 tanet.
209 3835 254 3886 lta
272 3839 391 3894 uertere,
419 3841 539 3894 mutare,
566 3837 681 3904 spineta,
698 3836 908 3905 potamioena,
931 3836 1112 3908 ἐπιστρέφειν,
1131 3846 1213 3906 ’μετα-

31 3903 114 3954 ifllinv.
135 3923 163 3958 v.
182 3907 255 3959 Pasa.
276 3905 384 3975 quique
407 3905 442 3958 ab
461 3921 495 3958 eo
514 3907 594 3959 eleb
613 3907 692 3959 Hess.
713 3905 877 3962 laudantur.
912 3906 955 3960 Cl.
976 3907 1010 3960 ad
1029 3907 1101 3961 Ann.
1121 3911 1147 3974 ll,
1167 3911 1212 3974 lll,

31 3967 47 4016 ἱ
71 3977 127 4029 aliie
143 3981 277 4046 papatu,
300 3977 376 4047 apud
393 3978 466 4032 alios
484 3979 622 4048 populos:
646 3995 734 4047 quem
753 3979 889 4031 Dativum
909 3987 987 4033 recte
1007 3979 1150 4034 Graecum
1170 3980 1215 4032 di-

31 4049 257 4108 2133611111.-
288 4067 355 4104 rara
381 4058 408 4102 et
428 4055 544 4119 privata
569 4052 631 4104 va.
651 4055 730 4107 ttae.
762 4051 805 4104 ed.
832 4053 893 4105 Put.
921 4059 949 4105 et
995 4053 1131 4120 leraeque
1149 4053 1211 4105 edd.

32 4119 128 4174 'met
147 4141 235 4193 quam
252 4140 310 4178 rec.
336 4131 500 4192 usurpatum
519 4141 585 4176 rara
604 4131 632 4175 et
648 4129 761 4192 privata
780 4142 800 4176 c.
821 4144 847 4176 a„
868 4123 943 4178 MSS.
988 4143 1032 4177 ur.
1053 4126 1112 4176 Vat.
1134 4127 1212 4180 1518.

32 4181 84 4242 ml·
109 4195 147 4248 ed
179 4197 261 4250 Rom
287 4198 375 4271 Pogg.
405 4195 485 4250 Seeb.
531 4195 706 4249 Aduerbium
734 4197 866 4252 Passoric
895 4197 1051 4266 explicatio
1075 4197 1213 4250 adiectivi

33 4255 121 4331 titoque
138 4269 346 4336 reiiciendom,
370 4267 420 4322 sed
437 4270 536 4324 Hassio
553 4267 631 4322 hand
649 4269 860 4340 repudiandum
880 4270 1004 4322 videtur.
1043 4279 1212 4337 usurpatum.

34 4325 83 4384 las
96 4347 118 4390 tt
134 4350 187 4395 cet.
208 4341 252 4396 ed
272 4359 317 4412 pr.
337 4351 507 4411 usurpatum.
527 4359 594 4396 rara
612 4349 640 4395 et
659 4343 701 4396 ed.
722 4341 802 4396 Vien.
823 4339 912 4396 Rhea.
934 4347 958 4396 1.
978 4343 1003 4396 2.
1023 4346 1049 4399 3.
1087 4351 1214 4397 constan-
