2756 4792
179 189 242 256 100
485 187 710 258 DIALOGUS
731 191 789 256 DE
811 189 1099 262 operositatis.

179 359 302 414 onmium
318 354 390 411 stud
410 371 427 408 e
445 358 521 412 coni.
540 357 620 412 Aeid.
641 357 747 412 dedere
765 357 870 414 ileum.
892 357 959 414 sch.
979 359 1061 416 Secb.
1081 358 1128 416 Or.
1149 385 1185 402 -
1210 363 1377 422 munau.

179 451 248 504 quae
273 433 313 486 ire
340 428 530 483 Vatinium
555 433 766 491 inscribuntur,
801 431 961 500 orationes,
991 433 1096 504 quibus
1115 432 1222 486 Calvus
1241 432 1276 486 dc
1291 432 1371 486 ambi·

179 505 327 558 accusavit
344 503 373 554 P.
393 501 552 556 Vatinium.
571 519 598 556 r.
618 503 654 556 ad
673 520 735 574 cap.
755 508 800 560 34.
822 521 851 556 n.
871 507 897 560 6.
920 512 993 558 extr.
1032 506 1222 560 inscribentur
1239 522 1274 558 ex
1291 523 1366 558 emen

179 577 260 646 lips.
291 576 335 628 Oi.
356 591 418 696 cap.
437 577 482 630 38.
515 577 724 630 conscribuntur
741 575 818 630 MSS.
838 577 900 630 Vat.
921 584 951 631 et
969 577 1033 632 edd.
1053 585 1110 631 ret.
1147 581 1318 645 conscriptae
1331 596 1378 630 san

92 643 94 650 '
179 649 254 704 coni.
274 645 386 703 Sabure
409 683 416 697 .
439 675 470 688 -
497 653 657 708 sententiis,
675 665 702 700 r.
724 649 760 701 ad
777 663 838 718 cap.
858 650 902 703 20.
922 667 950 702 n.
969 655 995 706 3.
1035 651 1110 704 Male
1127 658 1194 721 post
1211 659 1323 712 ornata,
1337 667 1375 703 no·

177 729 244 794 post
261 724 424 778 sententiis.
451 718 612 774 distinxere
630 719 721 774 Rhea.
743 721 821 792 Lips.
840 721 915 774 Pith.
935 721 1015 775 Pich.
1034 723 1107 776 Ern.
1127 723 1238 777 etalii.
1257 751 1294 764 -
1325 728 1373 776 acr'

178 797 242 854 bus,
267 812 295 847 r.
315 791 352 846 ad
371 807 431 859 cap.
454 795 498 848 19.
519 809 548 844 n.
568 795 594 847 2.
631 795 742 846 auribus
762 793 825 846 edd.
845 801 903 847 ret.
923 795 985 848 sine
1004 796 1117 864 copula.
1156 804 1183 849 et
1200 795 1312 849 auribus
1327 796 1368 848 sc'

178 868 236 938 psit
254 868 305 920 Dr.
337 864 500 934 auribusque
519 863 585 918 Sch.
605 865 653 918 ob.
674 865 718 920 Os.
739 865 787 919 Or.
819 883 853 917 ac
870 867 984 921 auribus
1003 867 1106 920 Heum.
1126 875 1156 922 et
1174 867 1255 922 Seeb.
1294 869 1371 938 Gopnl

176 949 275 993 tamen
294 953 377 1007 saepe
396 936 499 990 omissa
519 945 547 990 et
565 937 734 1008 supplenda.
760 966 797 978 -
841 955 890 991 nec
913 943 1091 1002 uoluntatem,
1119 945 1187 1012 quin
1213 941 1372 994 sublimitat

177 1015 278 1065 cultius
297 1012 415 1069 diceret,
433 1009 482 1062 sed
498 1013 642 1080 ingenium
660 1015 780 1064 accires
798 1009 916 1078 defuisse
935 1011 1034 1066 Calvo.
1072 1013 1115 1066 cf.
1136 1013 1172 1066 ad
1191 1029 1252 1082 cap.
1272 1017 1376 1068 18115

176 1103 210 1138 ne
227 1087 396 1138 uoluntatem
415 1084 442 1133 ei
459 1101 512 1153 quo
529 1083 674 1136 sublimius
694 1090 749 1136 cet.
770 1081 846 1136 MSS.
867 1083 930 1136 Vat.
968 1084 1048 1137 Hinc
1067 1101 1114 1138 nee
1130 1088 1184 1138 ool.
1204 1090 1245 1144 ei,
1265 1090 1332 1156 quin
1348 1085 1370 1136 dv

93 1215 94 1218 ,
177 1157 246 1211 dere
265 1158 316 1209 Dr.
336 1155 380 1210 Os.
401 1155 448 1208 Or.
486 1157 647 1208 Pronomen
671 1159 698 1208 ei
721 1163 788 1208 ante
806 1153 925 1224 defuisse
943 1156 1130 1210 inserendum
1149 1157 1307 1211 censebant
1321 1159 1378 1209 Acie

177 1238 206 1284 et
223 1230 326 1283 ticum.
364 1225 421 1280 Sed
440 1241 500 1279 non
519 1227 674 1280 admodum
694 1225 787 1292 illud,
808 1228 832 1280 si
850 1227 941 1295 absit,
961 1227 1121 1283 desiderari
1139 1237 1222 1300 putat
1238 1229 1377 1301 Wopke-⁴

176 1302 248 1356 obss.
268 1302 349 1353 tnnc.
370 1300 442 1365 Vll,
461 1303 487 1354 3.
508 1316 537 1369 p.
556 1303 619 1357 398.
638 1303 726 1370 cultus
745 1316 800 1369 pro
819 1303 921 1354 cultius
940 1300 984 1354 ed
1004 1302 1066 1354 Pul.
1087 1310 1116 1356 et
1133 1301 1196 1356 Rir.

246 1379 272 1430 4.
319 1373 418 1440 Quid?
442 1390 472 1425 es
493 1373 631 1426 Coelimis
655 1375 830 1426 orationibus
849 1391 943 1444 nempe
967 1373 994 1426 lt.
1016 1377 1059 1445 pl.
1110 1375 1155 1427 lta
1186 1375 1371 1449 interpungu

174 1445 249 1501 pith.
271 1453 300 1500 et
318 1445 395 1498 Orel.
435 1445 529 1512 Quid?
556 1465 588 1499 ec
609 1447 637 1499 G.
657 1447 852 1500 orationibus?
877 1464 974 1516 nempe
990 1445 1042 1500 dae
1058 1448 1169 1516 placent
1185 1446 1324 1516 plerique
1346 1470 1363 1491 ἰ

173 1529 261 1574 tores.
302 1519 377 1586 Quid
393 1535 423 1570 ec
444 1519 472 1570 0.
492 1519 686 1588 orationibus?
704 1537 798 1588 nempe
816 1517 843 1572 b.
859 1521 900 1589 pl.
921 1520 972 1572 Dr.
993 1527 1022 1572 et
1039 1520 1083 1574 Os.
1124 1519 1216 1588 Quid?
1233 1538 1268 1572 ex
1286 1522 1313 1572 G.
1332 1539 1346 1572 c
1363 1546 1375 1561 u

173 1612 261 1647 nonne
279 1591 329 1645 leae
346 1595 457 1661 placent
475 1590 555 1644 dedit
572 1591 675 1645 Heum.
715 1591 789 1659 Quid
803 1591 835 1644 de
855 1593 884 1646 G.
904 1592 1100 1647 orationibus?
1125 1594 1177 1657 (sc.
1197 1590 1308 1658 dicam)
1326 1609 1357 1646 cc

173 1664 338 1738 Schulting.
378 1665 498 1717 Gelionis
516 1671 587 1717 orat.
607 1663 650 1718 ed.
670 1680 717 1734 pr.
756 1664 799 1718 De
824 1665 914 1718 (laelio
940 1683 968 1718 v.
995 1665 1032 1719 ad
1055 1683 1081 1719 c.
1101 1668 1144 1722 17.
1166 1681 1195 1716 n.
1216 1669 1242 1718 1.
1284 1684 1330 1718 eae
1343 1667 1377 1732 pl

173 1747 233 1793 cent
252 1737 370 1808 scripsit
389 1736 478 1790 Orell.
494 1765 531 1776 -
557 1741 585 1790 si
601 1755 657 1790 non
677 1740 834 1798 uniuersae,
852 1746 884 1791 eet
897 1743 996 1808 partes
1015 1755 1108 1791 sanan
1127 1755 1162 1790 ex
1181 1737 1301 1790 emend.
1321 1737 1377 1788 Aci·

173 1827 310 1881 recepere
329 1810 409 1862 Brot.
429 1810 532 1863 Heum.
553 1809 601 1863 Ob.
622 1808 712 1862 Bekk.
733 1811 808 1862 Liin.
844 1815 901 1866 siue
920 1814 1048 1865 uniuersa
1061 1817 1144 1881 parte
1162 1827 1254 1863 serrare
1275 1825 1302 1862 c.
1317 1809 1372 1862 Far

172 1890 234 2010 tl
236 1889 344 2009 '‘tt’‘
356 1889 430 2008 ii?
430 1881 616 2009 {stitit
618 1881 832 2024 1211221.
844 1889 886 2010 ’.1
899 1887 1117 2010 “tsst'ttt‘
1112 1880 1281 2008 iffi
1292 1881 1375 2006 ‘tt

228 1996 234 2010 ·
313 1997 319 2008 ·
888 1995 895 2010 ·
973 1995 979 2009 ·
1084 1995 1104 2022 ⁴.
1180 1992 1188 2020 s

172 2030 235 2082 001.
255 2029 333 2098 lips.
352 2027 389 2080 al.
427 2029 455 2080 si
472 2046 528 2081 non
546 2033 705 2086 eminerem,
734 2045 787 2096 per
809 2038 905 2099 partes
932 2037 1027 2083 tamen
1053 2047 1074 2083 s.
1100 2036 1224 2080 attarnen
1244 2027 1377 2101 legend

172 2101 327 2155 censebant
346 2099 419 2152 Mod.
440 2107 469 2152 et
487 2099 564 2170 lips.
602 2105 629 2154 si
645 2099 850 2155 mimadoertas
865 2109 962 2172 portes
981 2119 1076 2156 earum
1099 2099 1212 2154 Peerlk.
1242 2101 1283 2153 de
1305 2117 1363 2168 quo

172 2174 208 2227 ad
227 2191 252 2226 c.
272 2177 298 2226 1.
319 2191 347 2224 n.
366 2175 393 2226 4.
431 2177 457 2225 si
478 2191 534 2226 non
561 2177 722 2234 uniuersae,
750 2182 849 2244 partes
876 2193 971 2228 earum
998 2175 1042 2228 Ru
1078 2191 1131 2226 crs.
1168 2177 1223 2226 siae
1255 2178 1377 2226 unirer

170 2252 226 2300 siue
241 2253 338 2316 partes
362 2261 456 2298 earum
486 2243 559 2298 Pith.
586 2244 654 2299 Sch.
680 2247 732 2299 Dr.
753 2245 796 2300 Os.
817 2247 864 2300 Or.
899 2252 927 2302 si
943 2265 998 2302 nou
1016 2263 1174 2307 mecoersae,
1197 2253 1294 2315 parte
1314 2249 1372 2297 salt

169 2317 331 2389 Wopkens.
352 2317 372 2369 1.
393 2317 413 2370 l.
451 2322 507 2371 sice
526 2323 686 2382 uniuersae,
719 2337 756 2371 an
779 2327 875 2387 partes
895 2339 916 2374 e.
936 2319 1031 2373 Hand.
1069 2317 1129 2372 Alii
1155 2318 1212 2370 alia
1240 2335 1377 2372 comme

170 2399 256 2457 sunt,
285 2389 335 2444 sed
352 2389 448 2444 minus
466 2391 636 2460 probabilia.
655 2419 692 2432 -
720 2397 840 2444 nitorem
864 2400 890 2444 et
917 2391 1093 2446 altitudinem
1116 2391 1213 2444 borum
1238 2398 1373 2462 tempor

171 2463 392 2530 excellentiam,
419 2464 642 2533 praestantiam,
676 2481 726 2518 scu
745 2464 941 2534 eloquentiam
960 2481 1020 2518 non
1039 2465 1209 2536 vulgarem,
1245 2464 1307 2516 sed
1328 2483 1374 2517 su

170 2535 312 2600 mimam,
333 2542 367 2588 ut
384 2536 472 2605 paulo
492 2543 559 2589 ante
577 2539 720 2590 sublimius
738 2545 765 2589 et
783 2540 884 2591 cultius
903 2539 1007 2604 dicere5
1027 2536 1132 2590 Sebulz.
1169 2535 1338 2592 Similiter
1362 2560 1377 2581 ν

170 2617 244 2664 cntn
283 2611 423 2662 laetitiam
441 2611 609 2679 nitoremque
626 2617 782 2662 nostrorum
800 2617 1011 2682 temporum*-
1029 2612 1203 2682 agnoscimus
1222 2608 1303 2663 cdd.
1327 2609 1374 2663 nh

168 2683 195 2738 2.
213 2687 239 2739 3.
261 2688 290 2734 et
309 2681 447 2751 deinceps
467 2697 574 2734 omnes.
612 2699 789 2753 agnoscemur
806 2684 921 2752 primae
941 2682 1005 2737 edd.

240 2757 267 2809 5.
308 2753 405 2807 Sordes
422 2755 578 2815 uerborum,
598 2763 632 2806 ut
650 2755 743 2810 sordes
761 2755 897 2818 bominis,
908 2753 1048 2824 fortunae
1065 2762 1091 2806 et
1109 2759 1182 2810 citae
1200 2751 1276 2807 cic.
1302 2752 1345 2808 ad
1371 2778 1376 2795 ·

167 2827 257 2891 7,.2,
276 2829 302 2882 3.
323 2827 403 2878 Brut.
422 2830 468 2882 62.
506 2825 613 2879 sordide
638 2830 714 2900 loqui
737 2827 829 2880 Plaut.
850 2827 1019 2896 ni1.t,2‚
1039 2831 1084 2882 11.
1122 2829 1291 2880 declamare
1312 2847 1348 2881 sc
1373 2854 1377 2867 ·

167 2907 195 2951 et
212 2901 372 2952 trivialibus
389 2901 477 2952 cerlis
495 2897 572 2952 Suet.
591 2898 667 2953 rhet.
687 2904 713 2956 6.
752 2901 865 2954 sordida
890 2901 972 2954 oerla
996 2899 1119 2968 Quintil.
1139 2904 1173 2966 8,
1191 2903 1227 2965 3,
1253 2903 1311 2955 17.

169 2975 219 3038 17,
237 2975 264 3027 2.
284 2975 336 3038 19,
358 2975 400 3028 13.
437 2972 551 3026 sordida
570 2978 660 3026 oratio
680 2972 801 3040 Quintil.
821 2975 857 3039 8,
876 2977 911 3040 3,
930 2977 974 3030 49.
1009 2971 1105 3044 qualis
1132 2979 1176 3027 est
1201 2971 1347 3027 infirnae

167 3043 209 3097 bis
219 3081 228 3110 ,
261 3060 334 3112 quae
356 3043 448 3099 sordes
466 3044 541 3098 urbis
559 3053 587 3098 et
598 3045 669 3116 faex
687 3045 800 3098 dicitur
818 3045 880 3100 cio.
900 3045 936 3098 ad
953 3045 1012 3098 Au.
1033 3050 1066 3108 1.
1086 3047 1130 3101 16.
1164 3053 1197 3097 ut
1214 3063 1358 3099 coenum

166 3116 430 3178 teeumhiv.1o,15.
452 3117 548 3172 Sordes
562 3118 884 3172 autemillaeverborum
901 3116 958 3172 MS.
971 3118 1033 3170 Vae
1042 3120 1124 3186 4498.
1142 3120 1191 3183 (ex
1231 3117 1348 3178 lossab
1374 3144 1378 3165 ι

167 3189 247 3243 Seeb.
267 3188 383 3242 Dr.·0s.
405 3189 452 3243 Or.
493 3191 589 3244 Sordes
608 3211 634 3245 a.
654 3199 680 3245 et
696 3192 767 3245 verb.
787 3191 833 3244 ed.
852 3207 898 3261 pr.
937 3189 1037 3244 Sordes
1054 3199 1148 3244 autem
1167 3133 1245 3242 seri.
1275 3192 1356 3246 edd.

166 3262 230 3316 Ber.
252 3267 281 3314 et
300 3261 353 3314 rel.
374 3289 411 3302 -
440 3261 521 3318 biam
546 3269 708 3332 compositio
724 3261 783 3328 .„h.
801 3263 823 3316 l.
850 3270 986 3326 nonest,
1021 3279 1094 3332 quae
1113 3261 1223 3316 crebris
1251 3263 1367 3318 litera

166 3333 314 3389 vocalium
340 3335 527 3390 concursibus
553 3337 702 3403 efficitur,
732 3337 772 3400 (r.
798 3335 882 3389 Aust.
911 3335 948 3388 ad
974 3335 1104 3389 Herenn.
1130 3339 1164 3402 4,
1195 3337 1258 3399 12,
1288 3342 1363 3402 18.)

167 3425 259 3462 nexus
277 3405 434 3460 verborum
453 3415 482 3462 et
500 3409 641 3464 orationis
660 3408 736 3462 maie
755 3408 872 3461 iunctae
891 3415 920 3461 et
938 3408 1116 3461 comissas.
1154 3406 1204 3461 Sic
1240 3427 1307 3482 ap.
1346 3413 1372 3478 Q

165 3481 212 3534 til.
231 3482 266 3547 8,
285 3483 317 3544 6,
336 3481 380 3536 82.
417 3480 467 3534 Fit
494 3485 568 3535 enim
581 3481 807 3553 frequentissime
832 3498 933 3552 aspera
950 3488 979 3532 et
995 3480 1132 3534 dissolm
1150 3487 1176 3532 et
1192 3479 1304 3539 laicam
1329 3504 1350 3540 ο

163 3557 191 3609 si
208 3553 248 3606 ad
262 3559 448 3607 necessitatem
471 3555 580 3608 ordinis
604 3559 650 3609 sui
673 3556 755 3608 uerba
769 3553 952 3624 redigantur,
980 3560 1010 3606 et
1029 3557 1079 3618 12,
1099 3557 1136 3617 9,
1156 3555 1199 3608 17.
1252 3557 1301 3610 se·
1326 3563 1366 3612 al

165 3645 196 3680 ee
213 3635 333 3696 tempore
351 3626 472 3681 dicendis
490 3631 638 3692 inseritur,
666 3645 721 3682 non
739 3626 881 3688 cohaeret,
916 3643 965 3678 nec
982 3631 1169 3681 commissuris
1186 3631 1294 3684 modo
1306 3669 1318 3695 ,
1365 3668 1377 3675 ,,

164 3717 243 3768 opere
269 3703 342 3754 male
373 3704 485 3763 iuncto,
518 3699 675 3760 hiantibus,¹
709 3700 758 3755 sed
784 3703 847 3770 ipsa
877 3701 978 3753 coloris
1003 3701 1206 3769 inaequalitate
1241 3703 1369 3780 deneg-¹·

164 3773 284 3826 Dronle.
322 3771 371 3824 Sic
396 3781 425 3826 et
448 3773 559 3826 Martia
577 3777 655 3846 loqui
673 3773 751 3826 dixit
769 3771 831 3826 (iic.
852 3787 894 3826 or.
914 3777 1020 3828 9extr.
1058 3771 1142 3824 bians
1168 3770 1246 3828 edd.
1278 3777 1377 3835 Rhe.

164 3851 191 3903 3.
212 3853 241 3900 et
259 3861 318 3898 rec.
355 3845 450 3900 letatus
468 3845 510 3898 ed.
529 3863 576 3916 pr.
596 3847 659 3898 Put.
680 3845 745 3898 Rir.
766 3846 830 3898 Ber.
851 3843 943 3898 Rhen.
965 3847 990 3897 1.
1009 3844 1203 3899 -inconditi
1227 3865 1362 3909 semu

164 3918 241 3972 riodi
267 3917 421 3970 sententiis
449 3925 479 3971 et
503 3917 663 3972 luminibus
682 3933 741 3972 non
761 3917 932 3982 distinctae,
963 3915 1068 3970 Scleuls.
1106 3917 1190 3971 Geni.
1215 3921 1271 3976 ad
1300 3945 1371 3999 cap

163 4007 192 4044 n.
212 3995 238 4047 3.
257 4017 293 4030 -
311 3991 432 4042 redolent
449 3993 663 4062 mstiquitatem
682 4009 708 4042 r.
728 3989 765 4043 ad
784 4007 846 4061 cap.
866 3991 911 4046 22.
931 4006 960 4042 n.
979 3989 1006 4044 5.
1025 4017 1061 4029 -
1078 3990 1300 4059 Antiquae-ius
1325 4019 1378 4054 es.

162 4063 365 4133 antiquitatis,
396 4063 503 4116 veteris
521 4079 654 4133 poeseos,
688 4060 848 4127 historiae,
873 4060 1057 4130 eloquentiae
1075 4061 1256 4132 studiosus,
1303 4073 1354 4129 ad

160 4144 223 4203 tor,
242 4134 376 4188 laudator
393 4150 426 4186 ac
445 4135 600 4200 defensor,
627 4135 677 4189 rel
696 4136 749 4204 qui
768 4133 991 4210 investigatione
1011 4141 1041 4188 et
1058 4153 1111 4187 usu
1129 4134 1370 4216 priscarum,

161 4207 346 4262 conditarum
366 4206 616 4277 obsoletarumque
633 4224 739 4261 recum
760 4207 981 4261 locutionumre
1000 4207 1176 4260 eruditionis
1194 4208 1356 4276 famam

161 4289 234 4346 ctat,
265 4279 315 4334 rel
339 4279 466 4347 denique
484 4282 539 4350 qui
553 4280 666 4352 priscos
686 4279 775 4334 libros
794 4278 869 4353 legit
886 4287 916 4334 et
935 4285 1050 4334 mactat.
1086 4279 1129 4334 cf.
1148 4291 1222 4347 esp.
1254 4293 1323 4351 42,
1375 4308 1377 4339 ι

161 4353 218 4407 nal.
237 4355 271 4419 t,
290 4355 352 4409 314.
371 4353 433 4408 tta.
453 4351 531 4408 Suet.
551 4353 624 4429 Aug.
643 4355 689 4412 86.
711 4351 789 4409 Geli.
811 4357 844 4419 1,
865 4355 909 4408 10.
1066 4373 1068 4382 ’

1321 4477 1358 4532 6.
