<?xml version="1.0" encoding="UTF-8"?>
<!DOCTYPE html PUBLIC "-//W3C//DTD XHTML 1.0 Transitional//EN"
    "http://www.w3.org/TR/xhtml1/DTD/xhtml1-transitional.dtd">
<html xmlns="http://www.w3.org/1999/xhtml" xml:lang="en" lang="en">
 <head>
  <title>
</title>
<meta http-equiv="Content-Type" content="text/html;charset=utf-8" />
  <meta name='ocr-system' content='tesseract 3.04.00' />
  <meta name='ocr-capabilities' content='ocr_page ocr_carea ocr_par ocr_line ocrx_word'/>
</head>
<body>
  <div class='ocr_page' id='page_1' title='image "./ccorneliitaciti27tacigoog/ccorneliitaciti27tacigoog_0285.png"; bbox 0 0 2770 4792; ppageno 0'>
   <div class='ocr_carea' id='block_1_1' title="bbox 188 203 994 318">
    <p class='ocr_par' dir='ltr' id='par_1_1' title="bbox 188 203 994 318">
     <span class='ocr_line' id='line_1_1' title="bbox 188 203 994 318; baseline -0.012 0"><span class='ocrx_word' id='word_1_1' title='bbox 188 255 249 318; x_wconf 80' lang='lat' dir='ltr'><strong>m</strong></span> <span class='ocrx_word' id='word_1_2' title='bbox 272 203 275 208; x_wconf 37' lang='lat'>¹</span> <span class='ocrx_word' id='word_1_3' title='bbox 601 241 852 308; x_wconf 72' lang='lat' dir='ltr'><strong>summme</strong></span> <span class='ocrx_word' id='word_1_4' title='bbox 873 245 994 310; x_wconf 69' lang='lat' dir='ltr'><strong>vrrs</strong></span> 
     </span>
    </p>
   </div>
   <div class='ocr_carea' id='block_1_2' title="bbox 131 409 1373 2297">
    <p class='ocr_par' dir='ltr' id='par_1_2' title="bbox 131 409 1373 2297">
     <span class='ocr_line' id='line_1_2' title="bbox 229 409 1373 474; baseline -0.01 -4"><span class='ocrx_word' id='word_1_5' title='bbox 229 433 262 470; x_wconf 81' lang='lat' dir='ltr'><strong>ae</strong></span> <span class='ocrx_word' id='word_1_6' title='bbox 286 431 352 468; x_wconf 86' lang='lat' dir='ltr'><strong>cum</strong></span> <span class='ocrx_word' id='word_1_7' title='bbox 373 413 413 468; x_wconf 80' lang='lat' dir='ltr'><strong>be</strong></span> <span class='ocrx_word' id='word_1_8' title='bbox 435 419 481 466; x_wconf 80' lang='lat' dir='ltr'><strong>sto</strong></span> <span class='ocrx_word' id='word_1_9' title='bbox 507 412 538 463; x_wconf 90' lang='lat' dir='ltr'><strong>in</strong></span> <span class='ocrx_word' id='word_1_10' title='bbox 566 411 679 464; x_wconf 87' lang='lat' dir='ltr'><strong>iudiciis</strong></span> <span class='ocrx_word' id='word_1_11' title='bbox 697 429 718 463; x_wconf 90' lang='lat' dir='ltr'><strong>s.</strong></span> <span class='ocrx_word' id='word_1_12' title='bbox 739 409 927 464; x_wconf 79' lang='lat' dir='ltr'><strong>conventibus</strong></span> <span class='ocrx_word' id='word_1_13' title='bbox 946 409 1081 463; x_wconf 83' lang='lat' dir='ltr'><strong>iuridicis</strong></span> <span class='ocrx_word' id='word_1_14' title='bbox 1100 425 1116 463; x_wconf 82' lang='lat' dir='ltr'><strong>s</strong></span> <span class='ocrx_word' id='word_1_15' title='bbox 1137 417 1272 474; x_wconf 59' lang='lat' dir='ltr'><strong>arentum</strong></span> <span class='ocrx_word' id='word_1_16' title='bbox 1295 409 1373 464; x_wconf 67' lang='lat' dir='ltr'><strong>mici.</strong></span> 
     </span>
     <span class='ocr_line' id='line_1_3' title="bbox 189 425 1373 558; baseline -0.005 -19"><span class='ocrx_word' id='word_1_17' title='bbox 189 435 232 544; x_wconf 57' lang='grc'>31,</span> <span class='ocrx_word' id='word_1_18' title='bbox 253 507 314 558; x_wconf 78' lang='lat' dir='ltr'><strong>cap.</strong></span> <span class='ocrx_word' id='word_1_19' title='bbox 333 492 358 544; x_wconf 83' lang='grc'><strong>9.</strong></span> <span class='ocrx_word' id='word_1_20' title='bbox 422 485 551 538; x_wconf 74' lang='lat' dir='ltr'><strong>obiicere</strong></span> <span class='ocrx_word' id='word_1_21' title='bbox 570 483 663 554; x_wconf 81' lang='lat' dir='ltr'><strong>possis</strong></span> <span class='ocrx_word' id='word_1_22' title='bbox 679 484 831 538; x_wconf 74' lang='lat' dir='ltr'><em>abnuerent</em></span> <span class='ocrx_word' id='word_1_23' title='bbox 850 490 878 537; x_wconf 87' lang='lat' dir='ltr'><strong>et</strong></span> <span class='ocrx_word' id='word_1_24' title='bbox 895 483 1066 536; x_wconf 74' lang='lat' dir='ltr'><strong>absuemnt:</strong></span> <span class='ocrx_word' id='word_1_25' title='bbox 1082 425 1137 537; x_wconf 53' lang='lat' dir='ltr'><strong>sel</strong></span> <span class='ocrx_word' id='word_1_26' title='bbox 1155 492 1184 538; x_wconf 79' lang='lat' dir='ltr'><strong>et</strong></span> <span class='ocrx_word' id='word_1_27' title='bbox 1202 483 1273 538; x_wconf 84' lang='lat' dir='ltr'><strong>illud</strong></span> <span class='ocrx_word' id='word_1_28' title='bbox 1290 491 1373 537; x_wconf 82' lang='lat' dir='ltr'><strong>rectum</strong></span> 
     </span>
     <span class='ocr_line' id='line_1_4' title="bbox 189 557 709 627; baseline -0.015 -11"><span class='ocrx_word' id='word_1_29' title='bbox 189 571 247 627; x_wconf 83' lang='lat' dir='ltr'><strong>est;</strong></span> <span class='ocrx_word' id='word_1_30' title='bbox 265 562 333 614; x_wconf 84' lang='lat' dir='ltr'><strong>Era.</strong></span> <span class='ocrx_word' id='word_1_31' title='bbox 357 577 385 612; x_wconf 87' lang='lat' dir='ltr'><strong>v.</strong></span> <span class='ocrx_word' id='word_1_32' title='bbox 405 557 441 610; x_wconf 80' lang='lat' dir='ltr'><strong>etl</strong></span> <span class='ocrx_word' id='word_1_33' title='bbox 459 557 534 609; x_wconf 86' lang='lat' dir='ltr'><strong>Ana.</strong></span> <span class='ocrx_word' id='word_1_34' title='bbox 552 559 589 622; x_wconf 90' lang='grc'>2,</span> <span class='ocrx_word' id='word_1_35' title='bbox 608 559 664 620; x_wconf 82' lang='grc'>26,</span> <span class='ocrx_word' id='word_1_36' title='bbox 683 559 709 610; x_wconf 77' lang='grc'><strong>1.</strong></span> 
     </span>
     <span class='ocr_line' id='line_1_5' title="bbox 259 625 1373 699; baseline -0.005 -15"><span class='ocrx_word' id='word_1_37' title='bbox 259 639 285 691; x_wconf 88' lang='lat'><strong>3.</strong></span> <span class='ocrx_word' id='word_1_38' title='bbox 324 631 388 686; x_wconf 77' lang='lat' dir='ltr'><strong>lude</strong></span> <span class='ocrx_word' id='word_1_39' title='bbox 407 633 493 683; x_wconf 78' lang='lat' dir='ltr'><strong>etium</strong></span> <span class='ocrx_word' id='word_1_40' title='bbox 511 629 621 682; x_wconf 80' lang='lat' dir='ltr'><strong>babitus</strong></span> <span class='ocrx_word' id='word_1_41' title='bbox 639 631 744 688; x_wconf 82' lang='lat' dir='ltr'><strong>nostri,</strong></span> <span class='ocrx_word' id='word_1_42' title='bbox 775 627 987 690; x_wconf 83' lang='lat' dir='ltr'><strong>Romanorum,</strong></span> <span class='ocrx_word' id='word_1_43' title='bbox 1012 625 1101 681; x_wconf 82' lang='lat' dir='ltr'><strong>bonor</strong></span> <span class='ocrx_word' id='word_1_44' title='bbox 1125 634 1151 680; x_wconf 85' lang='lat' dir='ltr'><strong>et</strong></span> <span class='ocrx_word' id='word_1_45' title='bbox 1166 625 1292 699; x_wconf 74' lang='lat' dir='ltr'><strong>frequen</strong></span> <span class='ocrx_word' id='word_1_46' title='bbox 1313 637 1373 698; x_wconf 56' lang='lat' dir='ltr'><strong>tegat</strong></span> 
     </span>
     <span class='ocr_line' id='line_1_6' title="bbox 131 699 1373 770; baseline -0.007 -10"><span class='ocrx_word' id='word_1_47' title='bbox 131 713 133 718; x_wconf 82' lang='grc'>’</span> <span class='ocrx_word' id='word_1_48' title='bbox 189 710 225 761; x_wconf 84' lang='lat' dir='ltr'><strong>ol.</strong></span> <span class='ocrx_word' id='word_1_49' title='bbox 246 707 282 760; x_wconf 85' lang='lat' dir='ltr'><strong>ad</strong></span> <span class='ocrx_word' id='word_1_50' title='bbox 300 706 335 758; x_wconf 79' lang='lat' dir='ltr'><strong>tl.</strong></span> <span class='ocrx_word' id='word_1_51' title='bbox 356 708 389 768; x_wconf 90' lang='grc'>1,</span> <span class='ocrx_word' id='word_1_52' title='bbox 407 705 458 768; x_wconf 82' lang='grc'>53,</span> <span class='ocrx_word' id='word_1_53' title='bbox 478 705 503 758; x_wconf 88' lang='grc'><strong>7.</strong></span> <span class='ocrx_word' id='word_1_54' title='bbox 523 703 556 768; x_wconf 91' lang='grc'>2,</span> <span class='ocrx_word' id='word_1_55' title='bbox 574 705 628 766; x_wconf 76' lang='grc'>21),</span> <span class='ocrx_word' id='word_1_56' title='bbox 650 705 675 756; x_wconf 95' lang='grc'><strong>1.</strong></span> <span class='ocrx_word' id='word_1_57' title='bbox 703 709 732 753; x_wconf 90' lang='lat' dir='ltr'><strong>et</strong></span> <span class='ocrx_word' id='word_1_58' title='bbox 750 699 815 754; x_wconf 85' lang='lat' dir='ltr'><strong>lad.</strong></span> <span class='ocrx_word' id='word_1_59' title='bbox 838 701 892 754; x_wconf 91' lang='lat'><strong>111.</strong></span> <span class='ocrx_word' id='word_1_60' title='bbox 922 717 949 752; x_wconf 79' lang='lat' dir='ltr'><strong>v.</strong></span> <span class='ocrx_word' id='word_1_61' title='bbox 968 699 1104 770; x_wconf 73' lang='lat' dir='ltr'><strong>Ellipeier</strong></span> <span class='ocrx_word' id='word_1_62' title='bbox 1122 702 1203 753; x_wconf 80' lang='lat' dir='ltr'><strong>uerba</strong></span> <span class='ocrx_word' id='word_1_63' title='bbox 1219 719 1339 755; x_wconf 80' lang='lat' dir='ltr'><strong>sensuum.</strong></span> <span class='ocrx_word' id='word_1_64' title='bbox 1354 729 1373 740; x_wconf 91' lang='lat'><em>-</em></span> 
     </span>
     <span class='ocr_line' id='line_1_7' title="bbox 185 769 1373 850; baseline -0.008 -16"><span class='ocrx_word' id='word_1_65' title='bbox 185 783 374 850; x_wconf 74' lang='lat' dir='ltr'><strong>paulatimque</strong></span> <span class='ocrx_word' id='word_1_66' title='bbox 392 776 539 830; x_wconf 74' lang='lat' dir='ltr'><strong>discessum</strong></span> <span class='ocrx_word' id='word_1_67' title='bbox 557 791 573 826; x_wconf 85' lang='lat' dir='ltr'><strong>a</strong></span> <span class='ocrx_word' id='word_1_68' title='bbox 593 773 721 828; x_wconf 72' lang='lat' dir='ltr'><strong>moribus</strong></span> <span class='ocrx_word' id='word_1_69' title='bbox 739 773 842 842; x_wconf 76' lang='lat' dir='ltr'><strong>patriis</strong></span> <span class='ocrx_word' id='word_1_70' title='bbox 862 769 1052 838; x_wconf 46' lang='lat' dir='ltr'><strong>et&#39;honestis,</strong></span> <span class='ocrx_word' id='word_1_71' title='bbox 1089 790 1104 824; x_wconf 86' lang='lat' dir='ltr'><strong>a</strong></span> <span class='ocrx_word' id='word_1_72' title='bbox 1131 774 1241 828; x_wconf 85' lang='lat' dir='ltr'><strong>virtute</strong></span> <span class='ocrx_word' id='word_1_73' title='bbox 1259 774 1293 826; x_wconf 77' lang='lat' dir='ltr'><strong>aci</strong></span> <span class='ocrx_word' id='word_1_74' title='bbox 1305 775 1373 826; x_wconf 75' lang='lat' dir='ltr'><strong>ideal</strong></span> 
     </span>
     <span class='ocr_line' id='line_1_8' title="bbox 188 843 1373 919; baseline -0.01 -13"><span class='ocrx_word' id='word_1_75' title='bbox 188 859 283 906; x_wconf 82' lang='lat' dir='ltr'><strong>meatu</strong></span> <span class='ocrx_word' id='word_1_76' title='bbox 302 853 440 906; x_wconf 82' lang='lat' dir='ltr'><strong>uitiorum.</strong></span> <span class='ocrx_word' id='word_1_77' title='bbox 486 846 582 919; x_wconf 77' lang='lat' dir='ltr'><strong>„Male</strong></span> <span class='ocrx_word' id='word_1_78' title='bbox 607 847 760 900; x_wconf 48' lang='lat' dir='ltr'><strong>&amp;centum</strong></span> <span class='ocrx_word' id='word_1_79' title='bbox 788 845 864 900; x_wconf 85' lang='lat' dir='ltr'><strong>coni.</strong></span> <span class='ocrx_word' id='word_1_80' title='bbox 892 843 972 898; x_wconf 75' lang='lat' dir='ltr'><strong>rich.</strong></span> <span class='ocrx_word' id='word_1_81' title='bbox 997 845 1084 898; x_wconf 85' lang='lat' dir='ltr'><strong>Plene</strong></span> <span class='ocrx_word' id='word_1_82' title='bbox 1102 843 1177 898; x_wconf 82' lang='lat' dir='ltr'><strong>dixit</strong></span> <span class='ocrx_word' id='word_1_83' title='bbox 1193 847 1267 899; x_wconf 79' lang='lat' dir='ltr'><strong>vell.</strong></span> <span class='ocrx_word' id='word_1_84' title='bbox 1285 848 1314 912; x_wconf 90' lang='grc'>2,</span> <span class='ocrx_word' id='word_1_85' title='bbox 1331 851 1373 900; x_wconf 79' lang='lat'><strong>1.=</strong></span> 
     </span>
     <span class='ocr_line' id='line_1_9' title="bbox 189 915 1373 984; baseline -0.013 -4"><span class='ocrx_word' id='word_1_86' title='bbox 189 932 292 980; x_wconf 83' lang='lat' dir='ltr'><strong>uirtute</strong></span> <span class='ocrx_word' id='word_1_87' title='bbox 310 923 459 980; x_wconf 80' lang='lat' dir='ltr'><strong>descitum,</strong></span> <span class='ocrx_word' id='word_1_88' title='bbox 477 921 516 972; x_wconf 78' lang='lat' dir='ltr'><strong>ad</strong></span> <span class='ocrx_word' id='word_1_89' title='bbox 530 921 602 972; x_wconf 86' lang='lat' dir='ltr'><strong>uitia</strong></span> <span class='ocrx_word' id='word_1_90' title='bbox 621 927 829 984; x_wconf 80' lang='lat' dir='ltr'><strong>transcursum,</strong></span> <span class='ocrx_word' id='word_1_91' title='bbox 850 925 878 971; x_wconf 90' lang='lat' dir='ltr'><strong>et</strong></span> <span class='ocrx_word' id='word_1_92' title='bbox 897 917 928 968; x_wconf 91' lang='lat' dir='ltr'><strong>in</strong></span> <span class='ocrx_word' id='word_1_93' title='bbox 946 917 977 969; x_wconf 74' lang='lat' dir='ltr'><strong>sii</strong></span> <span class='ocrx_word' id='word_1_94' title='bbox 995 917 1070 971; x_wconf 86' lang='lat' dir='ltr'><strong>inest</strong></span> <span class='ocrx_word' id='word_1_95' title='bbox 1089 925 1117 970; x_wconf 89' lang='lat' dir='ltr'><strong>et</strong></span> <span class='ocrx_word' id='word_1_96' title='bbox 1134 917 1166 972; x_wconf 69' lang='lat' dir='ltr'><strong>«ie</strong></span> <span class='ocrx_word' id='word_1_97' title='bbox 1185 925 1213 972; x_wconf 87' lang='lat' dir='ltr'><strong>et</strong></span> <span class='ocrx_word' id='word_1_98' title='bbox 1230 927 1310 972; x_wconf 82' lang='lat' dir='ltr'><strong>trans.</strong></span> <span class='ocrx_word' id='word_1_99' title='bbox 1346 915 1373 968; x_wconf 74' lang='lat' dir='ltr'><strong>Si«</strong></span> 
     </span>
     <span class='ocr_line' id='line_1_10' title="bbox 190 988 1373 1063; baseline -0.011 -11"><span class='ocrx_word' id='word_1_100' title='bbox 190 1007 219 1052; x_wconf 88' lang='lat' dir='ltr'><strong>et</strong></span> <span class='ocrx_word' id='word_1_101' title='bbox 236 999 370 1050; x_wconf 80' lang='lat' dir='ltr'><strong>dimovere</strong></span> <span class='ocrx_word' id='word_1_102' title='bbox 396 1011 441 1063; x_wconf 87' lang='lat' dir='ltr'><strong>sp.</strong></span> <span class='ocrx_word' id='word_1_103' title='bbox 463 993 599 1057; x_wconf 63' lang='lat' dir='ltr'><strong>uiuet,</strong></span> <span class='ocrx_word' id='word_1_104' title='bbox 620 997 663 1048; x_wconf 89' lang='grc'><strong>13.</strong></span> <span class='ocrx_word' id='word_1_105' title='bbox 692 999 721 1046; x_wconf 88' lang='lat' dir='ltr'><strong>et</strong></span> <span class='ocrx_word' id='word_1_106' title='bbox 749 991 821 1044; x_wconf 87' lang='lat' dir='ltr'><strong>lior.</strong></span> <span class='ocrx_word' id='word_1_107' title='bbox 847 988 893 1044; x_wconf 70' lang='lat' dir='ltr'><strong>orl.</strong></span> <span class='ocrx_word' id='word_1_108' title='bbox 915 994 1060 1056; x_wconf 85' lang='grc'>1,1,13.</span> <span class='ocrx_word' id='word_1_109' title='bbox 1095 989 1137 1044; x_wconf 78' lang='lat' dir='ltr'><strong>of.</strong></span> <span class='ocrx_word' id='word_1_110' title='bbox 1165 991 1261 1044; x_wconf 82' lang='lat' dir='ltr'><strong>Garat.</strong></span> <span class='ocrx_word' id='word_1_111' title='bbox 1286 991 1316 1043; x_wconf 86' lang='lat' dir='ltr'><strong>ad</strong></span> <span class='ocrx_word' id='word_1_112' title='bbox 1337 989 1373 1042; x_wconf 85' lang='lat' dir='ltr'><strong>Cio</strong></span> 
     </span>
     <span class='ocr_line' id='line_1_11' title="bbox 189 1059 1373 1134; baseline -0.006 -16"><span class='ocrx_word' id='word_1_113' title='bbox 189 1071 292 1124; x_wconf 85' lang='lat' dir='ltr'><strong>Verr.’&#39;</strong></span> <span class='ocrx_word' id='word_1_114' title='bbox 315 1065 420 1120; x_wconf 72' lang='lat' dir='ltr'><strong>waiet.</strong></span> <span class='ocrx_word' id='word_1_115' title='bbox 458 1063 604 1134; x_wconf 83' lang='lat' dir='ltr'><strong>Graphice</strong></span> <span class='ocrx_word' id='word_1_116' title='bbox 622 1063 680 1118; x_wconf 90' lang='lat' dir='ltr'><strong>hoc</strong></span> <span class='ocrx_word' id='word_1_117' title='bbox 698 1063 823 1117; x_wconf 81' lang='lat' dir='ltr'><strong>dictum:</strong></span> <span class='ocrx_word' id='word_1_118' title='bbox 843 1080 910 1114; x_wconf 86' lang='lat' dir='ltr'><strong>nam</strong></span> <span class='ocrx_word' id='word_1_119' title='bbox 928 1065 1016 1116; x_wconf 82' lang='lat' dir='ltr'><strong>virtus</strong></span> <span class='ocrx_word' id='word_1_120' title='bbox 1034 1081 1092 1114; x_wconf 85' lang='lat' dir='ltr'><strong>una</strong></span> <span class='ocrx_word' id='word_1_121' title='bbox 1111 1071 1169 1128; x_wconf 87' lang='lat' dir='ltr'><strong>est,</strong></span> <span class='ocrx_word' id='word_1_122' title='bbox 1188 1067 1262 1116; x_wconf 85' lang='lat' dir='ltr'><strong>oitie</strong></span> <span class='ocrx_word' id='word_1_123' title='bbox 1278 1072 1334 1118; x_wconf 90' lang='lat' dir='ltr'><strong>sunt</strong></span> <span class='ocrx_word' id='word_1_124' title='bbox 1348 1059 1373 1113; x_wconf 82' lang='lat' dir='ltr'><strong>sl</strong></span> 
     </span>
     <span class='ocr_line' id='line_1_12' title="bbox 189 1134 1373 1206; baseline -0.008 -12"><span class='ocrx_word' id='word_1_125' title='bbox 189 1142 306 1194; x_wconf 84' lang='lat' dir='ltr'><strong>modum</strong></span> <span class='ocrx_word' id='word_1_126' title='bbox 325 1138 421 1204; x_wconf 79' lang='lat' dir='ltr'><strong>veris,</strong></span> <span class='ocrx_word' id='word_1_127' title='bbox 450 1137 483 1190; x_wconf 87' lang='lat' dir='ltr'><strong>in</strong></span> <span class='ocrx_word' id='word_1_128' title='bbox 502 1153 575 1206; x_wconf 77' lang='lat' dir='ltr'><strong>quae</strong></span> <span class='ocrx_word' id='word_1_129' title='bbox 593 1152 649 1206; x_wconf 88' lang='lat' dir='ltr'><strong>pro</strong></span> <span class='ocrx_word' id='word_1_130' title='bbox 668 1154 717 1188; x_wconf 86' lang='lat' dir='ltr'><strong>sua</strong></span> <span class='ocrx_word' id='word_1_131' title='bbox 737 1135 858 1204; x_wconf 86' lang='lat' dir='ltr'><strong>quisque</strong></span> <span class='ocrx_word' id='word_1_132' title='bbox 877 1142 981 1187; x_wconf 75' lang='lat' dir='ltr'><strong>namra</strong></span> <span class='ocrx_word' id='word_1_133' title='bbox 999 1134 1210 1200; x_wconf 72' lang='lat' dir='ltr'><strong>discesserunt5</strong></span> <span class='ocrx_word' id='word_1_134' title='bbox 1230 1137 1303 1190; x_wconf 82' lang='lat' dir='ltr'><strong>liut.</strong></span> <span class='ocrx_word' id='word_1_135' title='bbox 1334 1135 1373 1186; x_wconf 79' lang='lat' dir='ltr'><strong>iet</strong></span> 
     </span>
     <span class='ocr_line' id='line_1_13' title="bbox 189 1206 1373 1279; baseline -0.011 -10"><span class='ocrx_word' id='word_1_136' title='bbox 189 1219 315 1268; x_wconf 79' lang='lat' dir='ltr'><strong>nirnenta</strong></span> <span class='ocrx_word' id='word_1_137' title='bbox 333 1220 362 1266; x_wconf 85' lang='lat' dir='ltr'><strong>st</strong></span> <span class='ocrx_word' id='word_1_138' title='bbox 380 1211 497 1264; x_wconf 75' lang='lat' dir='ltr'><strong>delenire</strong></span> <span class='ocrx_word' id='word_1_139' title='bbox 513 1209 607 1262; x_wconf 83' lang='lat' dir='ltr'><strong>ubivis</strong></span> <span class='ocrx_word' id='word_1_140' title='bbox 625 1209 728 1279; x_wconf 76' lang='lat' dir='ltr'><strong>scripsi</strong></span> <span class='ocrx_word' id='word_1_141' title='bbox 752 1224 806 1279; x_wconf 86' lang='lat' dir='ltr'><strong>pro</strong></span> <span class='ocrx_word' id='word_1_142' title='bbox 834 1208 950 1261; x_wconf 76' lang='lat' dir='ltr'><strong>delinire</strong></span> <span class='ocrx_word' id='word_1_143' title='bbox 978 1215 1007 1262; x_wconf 85' lang='lat' dir='ltr'><strong>et</strong></span> <span class='ocrx_word' id='word_1_144' title='bbox 1031 1207 1230 1275; x_wconf 63' lang='lat' dir='ltr'><strong>deibeirneretar</strong></span> <span class='ocrx_word' id='word_1_145' title='bbox 1265 1226 1325 1262; x_wconf 77' lang='lat' dir='ltr'><strong>nem</strong></span> <span class='ocrx_word' id='word_1_146' title='bbox 1343 1206 1373 1256; x_wconf 83' lang='lat' dir='ltr'><strong>ba</strong></span> 
     </span>
     <span class='ocr_line' id='line_1_14' title="bbox 190 1279 1373 1351; baseline -0.005 -11"><span class='ocrx_word' id='word_1_147' title='bbox 190 1304 274 1342; x_wconf 81' lang='lat' dir='ltr'><strong>voces</strong></span> <span class='ocrx_word' id='word_1_148' title='bbox 297 1283 387 1338; x_wconf 89' lang='lat' dir='ltr'><strong>nihili</strong></span> <span class='ocrx_word' id='word_1_149' title='bbox 411 1291 478 1336; x_wconf 87' lang='lat' dir='ltr'><strong>sunt</strong></span> <span class='ocrx_word' id='word_1_150' title='bbox 503 1299 598 1351; x_wconf 89' lang='lat' dir='ltr'><strong>nequo</strong></span> <span class='ocrx_word' id='word_1_151' title='bbox 624 1281 781 1336; x_wconf 82' lang='lat' dir='ltr'><strong>audiendus</strong></span> <span class='ocrx_word' id='word_1_152' title='bbox 809 1279 897 1334; x_wconf 71' lang='lat' dir='ltr'><strong>Drsk</strong></span> <span class='ocrx_word' id='word_1_153' title='bbox 926 1279 962 1332; x_wconf 84' lang='lat' dir='ltr'><strong>ad</strong></span> <span class='ocrx_word' id='word_1_154' title='bbox 989 1281 1052 1332; x_wconf 86' lang='lat' dir='ltr'><strong>Liv.</strong></span> <span class='ocrx_word' id='word_1_155' title='bbox 1072 1283 1103 1346; x_wconf 76' lang='lat' dir='ltr'><strong>l,</strong></span> <span class='ocrx_word' id='word_1_156' title='bbox 1123 1282 1167 1336; x_wconf 84' lang='lat'><strong>51.</strong></span> <span class='ocrx_word' id='word_1_157' title='bbox 1192 1285 1229 1349; x_wconf 86' lang='lat'><strong>5,</strong></span> <span class='ocrx_word' id='word_1_158' title='bbox 1248 1287 1290 1338; x_wconf 85' lang='grc'><strong>31.</strong></span> <span class='ocrx_word' id='word_1_159' title='bbox 1308 1281 1373 1342; x_wconf 68' lang='lat' dir='ltr'><strong>ml</strong></span> 
     </span>
     <span class='ocr_line' id='line_1_15' title="bbox 189 1349 1373 1428; baseline -0.011 -15"><span class='ocrx_word' id='word_1_160' title='bbox 189 1363 306 1424; x_wconf 82' lang='grc'>39,11.</span> <span class='ocrx_word' id='word_1_161' title='bbox 338 1356 389 1424; x_wconf 90' lang='lat' dir='ltr'><strong>qui</strong></span> <span class='ocrx_word' id='word_1_162' title='bbox 411 1354 544 1426; x_wconf 83' lang='lat' dir='ltr'><strong>putabat,</strong></span> <span class='ocrx_word' id='word_1_163' title='bbox 573 1354 621 1406; x_wconf 89' lang='lat' dir='ltr'><strong>illi</strong></span> <span class='ocrx_word' id='word_1_164' title='bbox 645 1353 711 1408; x_wconf 86' lang='lat' dir='ltr'><strong>voci</strong></span> <span class='ocrx_word' id='word_1_165' title='bbox 737 1353 829 1408; x_wconf 90' lang='lat' dir='ltr'><strong>inesse</strong></span> <span class='ocrx_word' id='word_1_166' title='bbox 847 1351 982 1422; x_wconf 83' lang='lat' dir='ltr'><strong>placendi</strong></span> <span class='ocrx_word' id='word_1_167' title='bbox 1001 1361 1029 1406; x_wconf 91' lang='lat' dir='ltr'><strong>et</strong></span> <span class='ocrx_word' id='word_1_168' title='bbox 1048 1351 1216 1428; x_wconf 81' lang='lat' dir='ltr'><strong>mitigandi,</strong></span> <span class='ocrx_word' id='word_1_169' title='bbox 1247 1352 1313 1406; x_wconf 79' lang='lat' dir='ltr'><strong>buis</strong></span> <span class='ocrx_word' id='word_1_170' title='bbox 1329 1349 1373 1404; x_wconf 90' lang='lat' dir='ltr'><strong>obli</strong></span> 
     </span>
     <span class='ocr_line' id='line_1_16' title="bbox 190 1423 1373 1495; baseline -0.011 -9"><span class='ocrx_word' id='word_1_171' title='bbox 190 1431 278 1486; x_wconf 82' lang='lat' dir='ltr'><strong>nendi</strong></span> <span class='ocrx_word' id='word_1_172' title='bbox 298 1437 327 1483; x_wconf 85' lang='lat' dir='ltr'><strong>et</strong></span> <span class='ocrx_word' id='word_1_173' title='bbox 345 1427 493 1482; x_wconf 84' lang='lat' dir='ltr'><strong>imbuendi</strong></span> <span class='ocrx_word' id='word_1_174' title='bbox 510 1427 570 1479; x_wconf 86' lang='lat' dir='ltr'><strong>vim</strong></span> <span class='ocrx_word' id='word_1_175' title='bbox 589 1445 605 1480; x_wconf 90' lang='lat' dir='ltr'><strong>s</strong></span> <span class='ocrx_word' id='word_1_176' title='bbox 624 1425 741 1480; x_wconf 75' lang='lat' dir='ltr'><strong>delinere</strong></span> <span class='ocrx_word' id='word_1_177' title='bbox 768 1432 817 1478; x_wconf 83' lang='lat' dir='ltr'><strong>eut</strong></span> <span class='ocrx_word' id='word_1_178' title='bbox 841 1427 933 1478; x_wconf 82' lang='lat' dir='ltr'><strong>linire.</strong></span> <span class='ocrx_word' id='word_1_179' title='bbox 971 1423 1146 1495; x_wconf 86' lang='lat' dir='ltr'><strong>„Scriptura</strong></span> <span class='ocrx_word' id='word_1_180' title='bbox 1171 1435 1269 1480; x_wconf 84' lang='lat' dir='ltr'><strong>tamen</strong></span> <span class='ocrx_word' id='word_1_181' title='bbox 1293 1427 1373 1478; x_wconf 73' lang='lat' dir='ltr'><strong>delenit</strong></span> 
     </span>
     <span class='ocr_line' id='line_1_17' title="bbox 190 1497 1373 1568; baseline -0.01 -10"><span class='ocrx_word' id='word_1_182' title='bbox 190 1512 219 1558; x_wconf 89' lang='lat' dir='ltr'><strong>et</strong></span> <span class='ocrx_word' id='word_1_183' title='bbox 237 1504 447 1556; x_wconf 78' lang='lat' dir='ltr'><strong><em>delenimentum</em></strong></span> <span class='ocrx_word' id='word_1_184' title='bbox 465 1499 497 1552; x_wconf 85' lang='lat' dir='ltr'><strong>in</strong></span> <span class='ocrx_word' id='word_1_185' title='bbox 515 1499 605 1552; x_wconf 89' lang='lat' dir='ltr'><strong>nullis</strong></span> <span class='ocrx_word' id='word_1_186' title='bbox 624 1499 734 1565; x_wconf 81' lang='lat' dir='ltr'><strong>Taciti,</strong></span> <span class='ocrx_word' id='word_1_187' title='bbox 772 1497 803 1549; x_wconf 91' lang='lat' dir='ltr'><strong>in</strong></span> <span class='ocrx_word' id='word_1_188' title='bbox 826 1497 926 1568; x_wconf 83' lang='lat' dir='ltr'><strong>paucis</strong></span> <span class='ocrx_word' id='word_1_189' title='bbox 954 1497 1031 1550; x_wconf 82' lang='lat' dir='ltr'><strong>Livii</strong></span> <span class='ocrx_word' id='word_1_190' title='bbox 1054 1497 1131 1551; x_wconf 86' lang='lat' dir='ltr'><strong>MSS.</strong></span> <span class='ocrx_word' id='word_1_191' title='bbox 1160 1507 1189 1552; x_wconf 88' lang='lat' dir='ltr'><strong>et</strong></span> <span class='ocrx_word' id='word_1_192' title='bbox 1207 1499 1271 1552; x_wconf 86' lang='lat' dir='ltr'><strong>edd.</strong></span> <span class='ocrx_word' id='word_1_193' title='bbox 1290 1505 1339 1550; x_wconf 80' lang='lat' dir='ltr'><strong>vet.</strong></span> <span class='ocrx_word' id='word_1_194' title='bbox 1355 1511 1373 1546; x_wconf 72' lang='lat' dir='ltr'><strong>a</strong></span> 
     </span>
     <span class='ocr_line' id='line_1_18' title="bbox 189 1571 1373 1648; baseline -0.008 -19"><span class='ocrx_word' id='word_1_195' title='bbox 189 1577 332 1648; x_wconf 83' lang='lat' dir='ltr'><strong>peritur.&#39;’</strong></span> <span class='ocrx_word' id='word_1_196' title='bbox 354 1572 459 1627; x_wconf 76' lang='lat' dir='ltr'><strong>Wazct</strong></span> <span class='ocrx_word' id='word_1_197' title='bbox 496 1571 553 1627; x_wconf 76' lang='lat' dir='ltr'><strong>sed</strong></span> <span class='ocrx_word' id='word_1_198' title='bbox 571 1589 598 1624; x_wconf 83' lang='lat' dir='ltr'><strong>v.</strong></span> <span class='ocrx_word' id='word_1_199' title='bbox 618 1571 654 1623; x_wconf 79' lang='lat' dir='ltr'><strong>ad</strong></span> <span class='ocrx_word' id='word_1_200' title='bbox 672 1571 747 1624; x_wconf 85' lang='lat' dir='ltr'><strong>Ann.</strong></span> <span class='ocrx_word' id='word_1_201' title='bbox 767 1574 803 1636; x_wconf 84' lang='lat'><strong>2,</strong></span> <span class='ocrx_word' id='word_1_202' title='bbox 822 1575 870 1634; x_wconf 81' lang='lat'><strong>3³.</strong></span> <span class='ocrx_word' id='word_1_203' title='bbox 890 1572 915 1624; x_wconf 81' lang='lat'><em>2</em></span> <span class='ocrx_word' id='word_1_204' title='bbox 952 1571 1173 1624; x_wconf 82' lang='lat' dir='ltr'><strong>Delenimentum</strong></span> <span class='ocrx_word' id='word_1_205' title='bbox 1192 1580 1235 1625; x_wconf 88' lang='lat' dir='ltr'><strong>est</strong></span> <span class='ocrx_word' id='word_1_206' title='bbox 1253 1571 1299 1623; x_wconf 83' lang='lat' dir='ltr'><strong>vel</strong></span> <span class='ocrx_word' id='word_1_207' title='bbox 1316 1583 1373 1622; x_wconf 77' lang='lat' dir='ltr'><strong>rest</strong></span> 
     </span>
     <span class='ocr_line' id='line_1_19' title="bbox 190 1643 1373 1728; baseline -0.006 -27"><span class='ocrx_word' id='word_1_208' title='bbox 190 1649 370 1713; x_wconf 85' lang='lat' dir='ltr'><strong>remedium,</strong></span> <span class='ocrx_word' id='word_1_209' title='bbox 397 1661 454 1714; x_wconf 88' lang='lat' dir='ltr'><strong>quo</strong></span> <span class='ocrx_word' id='word_1_210' title='bbox 473 1644 566 1698; x_wconf 80' lang='lat' dir='ltr'><strong>enimi</strong></span> <span class='ocrx_word' id='word_1_211' title='bbox 583 1645 751 1710; x_wconf 89' lang='lat' dir='ltr'><strong>leniuntur,</strong></span> <span class='ocrx_word' id='word_1_212' title='bbox 779 1643 1015 1714; x_wconf 73' lang='lat' dir='ltr'><strong>permulceatur,</strong></span> <span class='ocrx_word' id='word_1_213' title='bbox 1045 1643 1234 1728; x_wconf 82' lang='lat' dir='ltr'><strong>mitigantur,</strong></span> <span class='ocrx_word' id='word_1_214' title='bbox 1262 1647 1373 1712; x_wconf 53' lang='grc' dir='ltr'>θέλγητρα.</span> 
     </span>
     <span class='ocr_line' id='line_1_20' title="bbox 189 1711 1373 1792; baseline -0.012 -16"><span class='ocrx_word' id='word_1_215' title='bbox 189 1741 211 1776; x_wconf 87' lang='lat' dir='ltr'><strong>s.</strong></span> <span class='ocrx_word' id='word_1_216' title='bbox 230 1724 358 1792; x_wconf 75' lang='grc' dir='ltr'>θέλγμα,</span> <span class='ocrx_word' id='word_1_217' title='bbox 377 1719 427 1772; x_wconf 84' lang='lat' dir='ltr'><strong>vel</strong></span> <span class='ocrx_word' id='word_1_218' title='bbox 445 1735 510 1780; x_wconf 88' lang='lat' dir='ltr'><strong>res,</strong></span> <span class='ocrx_word' id='word_1_219' title='bbox 539 1733 595 1786; x_wconf 81' lang='lat' dir='ltr'><strong>qua</strong></span> <span class='ocrx_word' id='word_1_220' title='bbox 613 1716 718 1770; x_wconf 84' lang='lat' dir='ltr'><strong>blande</strong></span> <span class='ocrx_word' id='word_1_221' title='bbox 735 1715 875 1788; x_wconf 84' lang='lat' dir='ltr'><strong>paulatim</strong></span> <span class='ocrx_word' id='word_1_222' title='bbox 900 1716 1055 1785; x_wconf 84' lang='lat' dir='ltr'><strong>capiuntur</strong></span> <span class='ocrx_word' id='word_1_223' title='bbox 1072 1717 1165 1768; x_wconf 79' lang='lat' dir='ltr'><strong>ammi</strong></span> <span class='ocrx_word' id='word_1_224' title='bbox 1183 1715 1343 1776; x_wconf 86' lang='lat' dir='ltr'><strong>hominum,</strong></span> <span class='ocrx_word' id='word_1_225' title='bbox 1361 1711 1373 1762; x_wconf 76' lang='lat' dir='ltr'><strong>il</strong></span> 
     </span>
     <span class='ocr_line' id='line_1_21' title="bbox 189 1785 1373 1856; baseline -0.005 -8"><span class='ocrx_word' id='word_1_226' title='bbox 189 1794 322 1848; x_wconf 83' lang='lat' dir='ltr'><strong>lecebrae</strong></span> <span class='ocrx_word' id='word_1_227' title='bbox 343 1799 371 1845; x_wconf 91' lang='lat' dir='ltr'><strong>et</strong></span> <span class='ocrx_word' id='word_1_228' title='bbox 390 1790 566 1854; x_wconf 73' lang='lat' dir='ltr'><strong>blanditiae,</strong></span> <span class='ocrx_word' id='word_1_229' title='bbox 594 1797 626 1841; x_wconf 90' lang='lat' dir='ltr'><strong>ut</strong></span> <span class='ocrx_word' id='word_1_230' title='bbox 644 1787 673 1841; x_wconf 90' lang='lat' dir='ltr'><strong>h.</strong></span> <span class='ocrx_word' id='word_1_231' title='bbox 695 1789 715 1842; x_wconf 94' lang='lat' dir='ltr'><strong>l.</strong></span> <span class='ocrx_word' id='word_1_232' title='bbox 753 1789 965 1856; x_wconf 81' lang='lat' dir='ltr'><strong>„Delenimeute</strong></span> <span class='ocrx_word' id='word_1_233' title='bbox 984 1793 1116 1842; x_wconf 85' lang='lat' dir='ltr'><strong>uitiorum</strong></span> <span class='ocrx_word' id='word_1_234' title='bbox 1134 1796 1200 1842; x_wconf 88' lang='lat' dir='ltr'><strong>sunt</strong></span> <span class='ocrx_word' id='word_1_235' title='bbox 1220 1807 1287 1854; x_wconf 87' lang='lat' dir='ltr'><strong>res,</strong></span> <span class='ocrx_word' id='word_1_236' title='bbox 1310 1785 1373 1854; x_wconf 64' lang='lat' dir='ltr'><strong>quib!</strong></span> 
     </span>
     <span class='ocr_line' id='line_1_22' title="bbox 190 1857 1373 1931; baseline -0.009 -12"><span class='ocrx_word' id='word_1_237' title='bbox 190 1866 281 1920; x_wconf 82' lang='lat' dir='ltr'><strong>animi</strong></span> <span class='ocrx_word' id='word_1_238' title='bbox 299 1863 454 1918; x_wconf 88' lang='lat' dir='ltr'><strong>hominum</strong></span> <span class='ocrx_word' id='word_1_239' title='bbox 473 1861 576 1914; x_wconf 80' lang='lat' dir='ltr'><strong>blande</strong></span> <span class='ocrx_word' id='word_1_240' title='bbox 594 1861 735 1930; x_wconf 84' lang='lat' dir='ltr'><strong>paulatim</strong></span> <span class='ocrx_word' id='word_1_241' title='bbox 755 1861 929 1930; x_wconf 89' lang='lat' dir='ltr'><strong>capiuntur,</strong></span> <span class='ocrx_word' id='word_1_242' title='bbox 947 1869 980 1913; x_wconf 92' lang='lat' dir='ltr'><strong>ut</strong></span> <span class='ocrx_word' id='word_1_243' title='bbox 995 1861 1067 1914; x_wconf 81' lang='lat' dir='ltr'><strong>vitis</strong></span> <span class='ocrx_word' id='word_1_244' title='bbox 1089 1876 1149 1914; x_wconf 88' lang='lat' dir='ltr'><strong>non</strong></span> <span class='ocrx_word' id='word_1_245' title='bbox 1167 1862 1294 1931; x_wconf 85' lang='lat' dir='ltr'><strong>amplius</strong></span> <span class='ocrx_word' id='word_1_246' title='bbox 1310 1857 1373 1911; x_wconf 74' lang='lat' dir='ltr'><strong>ebho:</strong></span> 
     </span>
     <span class='ocr_line' id='line_1_23' title="bbox 190 1933 1373 2008; baseline -0.009 -16"><span class='ocrx_word' id='word_1_247' title='bbox 190 1945 287 2000; x_wconf 83' lang='lat' dir='ltr'><strong>reant,</strong></span> <span class='ocrx_word' id='word_1_248' title='bbox 322 1935 371 1990; x_wconf 83' lang='lat' dir='ltr'><strong>sed</strong></span> <span class='ocrx_word' id='word_1_249' title='bbox 395 1951 450 2004; x_wconf 91' lang='lat' dir='ltr'><strong>pro</strong></span> <span class='ocrx_word' id='word_1_250' title='bbox 476 1933 619 1992; x_wconf 76' lang='lat' dir='ltr'><strong>felicitate</strong></span> <span class='ocrx_word' id='word_1_251' title='bbox 647 1933 863 2003; x_wconf 77' lang='lat' dir='ltr'><strong>amplectantur</strong></span> <span class='ocrx_word' id='word_1_252' title='bbox 886 1941 915 1987; x_wconf 90' lang='lat' dir='ltr'><strong>et</strong></span> <span class='ocrx_word' id='word_1_253' title='bbox 940 1933 976 1986; x_wconf 87' lang='lat' dir='ltr'><strong>ad</strong></span> <span class='ocrx_word' id='word_1_254' title='bbox 994 1950 1078 1987; x_wconf 88' lang='lat' dir='ltr'><strong>omne</strong></span> <span class='ocrx_word' id='word_1_255' title='bbox 1097 1950 1188 2008; x_wconf 83' lang='lat' dir='ltr'><strong>genus</strong></span> <span class='ocrx_word' id='word_1_256' title='bbox 1207 1949 1308 1987; x_wconf 84' lang='lat' dir='ltr'><strong>sorum</strong></span> <span class='ocrx_word' id='word_1_257' title='bbox 1324 1945 1373 2000; x_wconf 69' lang='lat' dir='ltr'><strong>prot</strong></span> 
     </span>
     <span class='ocr_line' id='line_1_24' title="bbox 153 2004 990 2072; baseline -0.007 -8"><span class='ocrx_word' id='word_1_258' title='bbox 153 2037 154 2040; x_wconf 39' lang='lat'>¹</span> <span class='ocrx_word' id='word_1_259' title='bbox 190 2027 224 2064; x_wconf 78' lang='lat' dir='ltr'><strong>ac</strong></span> <span class='ocrx_word' id='word_1_260' title='bbox 241 2009 343 2062; x_wconf 75' lang='lat' dir='ltr'><strong>faciles</strong></span> <span class='ocrx_word' id='word_1_261' title='bbox 361 2007 440 2060; x_wconf 81' lang='lat' dir='ltr'><strong>fiant.</strong></span> <span class='ocrx_word' id='word_1_262' title='bbox 478 2004 990 2072; x_wconf 74' lang='lat' dir='ltr'><strong>cf.nuk.ad1.iv.3e‚11.”um.</strong></span> 
     </span>
     <span class='ocr_line' id='line_1_25' title="bbox 260 2077 1373 2148; baseline -0.009 -13"><span class='ocrx_word' id='word_1_263' title='bbox 260 2085 287 2135; x_wconf 79' lang='lat' dir='ltr'><strong>ll.</strong></span> <span class='ocrx_word' id='word_1_264' title='bbox 325 2079 484 2132; x_wconf 75' lang='lat' dir='ltr'><strong>humanitas</strong></span> <span class='ocrx_word' id='word_1_265' title='bbox 508 2079 673 2138; x_wconf 76' lang='lat' dir='ltr'><strong>uombntur,</strong></span> <span class='ocrx_word' id='word_1_266' title='bbox 705 2097 733 2131; x_wconf 86' lang='lat' dir='ltr'><strong>v.</strong></span> <span class='ocrx_word' id='word_1_267' title='bbox 759 2079 796 2132; x_wconf 84' lang='lat' dir='ltr'><strong>ad</strong></span> <span class='ocrx_word' id='word_1_268' title='bbox 814 2096 838 2130; x_wconf 88' lang='lat' dir='ltr'><strong>c.</strong></span> <span class='ocrx_word' id='word_1_269' title='bbox 857 2084 884 2134; x_wconf 78' lang='lat' dir='ltr'><strong>tl.</strong></span> <span class='ocrx_word' id='word_1_270' title='bbox 905 2097 933 2132; x_wconf 90' lang='lat' dir='ltr'><strong>n.</strong></span> <span class='ocrx_word' id='word_1_271' title='bbox 953 2083 979 2134; x_wconf 73' lang='grc'><strong>1.</strong></span> <span class='ocrx_word' id='word_1_272' title='bbox 999 2105 1034 2118; x_wconf 88' lang='grc'><strong>·-</strong></span> <span class='ocrx_word' id='word_1_273' title='bbox 1071 2095 1156 2148; x_wconf 78' lang='lat' dir='ltr'><strong>quum</strong></span> <span class='ocrx_word' id='word_1_274' title='bbox 1179 2095 1254 2146; x_wconf 79' lang='lat' dir='ltr'><strong>pare</strong></span> <span class='ocrx_word' id='word_1_275' title='bbox 1276 2077 1373 2130; x_wconf 75' lang='lat' dir='ltr'><strong>uroitut</strong></span> 
     </span>
     <span class='ocr_line' id='line_1_26' title="bbox 190 2148 1373 2222; baseline -0.009 -14"><span class='ocrx_word' id='word_1_276' title='bbox 190 2161 275 2215; x_wconf 75' lang='lat' dir='ltr'><strong>esset,</strong></span> <span class='ocrx_word' id='word_1_277' title='bbox 307 2151 504 2222; x_wconf 84' lang='lat' dir='ltr'><strong>voluptatibus</strong></span> <span class='ocrx_word' id='word_1_278' title='bbox 531 2151 594 2204; x_wconf 90' lang='lat' dir='ltr'><strong>scil.</strong></span> <span class='ocrx_word' id='word_1_279' title='bbox 621 2151 756 2216; x_wconf 84' lang='lat' dir='ltr'><strong>virtutis,</strong></span> <span class='ocrx_word' id='word_1_280' title='bbox 787 2169 892 2220; x_wconf 84' lang='lat' dir='ltr'><strong>quase</strong></span> <span class='ocrx_word' id='word_1_281' title='bbox 911 2169 1010 2204; x_wconf 84' lang='lat' dir='ltr'><strong>rursus</strong></span> <span class='ocrx_word' id='word_1_282' title='bbox 1029 2150 1060 2212; x_wconf 81' lang='lat' dir='ltr'><strong>in</strong></span> <span class='ocrx_word' id='word_1_283' title='bbox 1080 2149 1244 2203; x_wconf 78' lang='lat' dir='ltr'><strong>libertatem</strong></span> <span class='ocrx_word' id='word_1_284' title='bbox 1264 2148 1373 2202; x_wconf 65' lang='lat' dir='ltr'><strong>vindica}</strong></span> 
     </span>
     <span class='ocr_line' id='line_1_27' title="bbox 189 2219 1373 2297; baseline -0.007 -18"><span class='ocrx_word' id='word_1_285' title='bbox 189 2234 324 2297; x_wconf 78' lang='lat' dir='ltr'><strong>possent,</strong></span> <span class='ocrx_word' id='word_1_286' title='bbox 356 2239 461 2278; x_wconf 84' lang='lat' dir='ltr'><strong>nervos</strong></span> <span class='ocrx_word' id='word_1_287' title='bbox 487 2223 681 2278; x_wconf 80' lang='lat' dir='ltr'><strong>incidentibus</strong></span> <span class='ocrx_word' id='word_1_288' title='bbox 700 2224 869 2292; x_wconf 87' lang='lat' dir='ltr'><strong>animosque</strong></span> <span class='ocrx_word' id='word_1_289' title='bbox 888 2224 924 2277; x_wconf 81' lang='lat' dir='ltr'><strong>ed</strong></span> <span class='ocrx_word' id='word_1_290' title='bbox 943 2224 1112 2280; x_wconf 81' lang='lat' dir='ltr'><strong>servitutem</strong></span> <span class='ocrx_word' id='word_1_291' title='bbox 1131 2239 1249 2293; x_wconf 85' lang='lat' dir='ltr'><strong>pessum</strong></span> <span class='ocrx_word' id='word_1_292' title='bbox 1268 2219 1373 2274; x_wconf 80' lang='lat' dir='ltr'><strong>dantibu</strong></span> 
     </span>
    </p>
   </div>
   <div class='ocr_carea' id='block_1_3' title="bbox 178 2295 891 2362">
    <p class='ocr_par' dir='ltr' id='par_1_3' title="bbox 178 2295 891 2362">
     <span class='ocr_line' id='line_1_28' title="bbox 178 2295 891 2362; baseline -0.003 -10"><span class='ocrx_word' id='word_1_293' title='bbox 178 2299 268 2352; x_wconf 60' lang='lat' dir='ltr'><strong>*Vir-si.</strong></span> <span class='ocrx_word' id='word_1_294' title='bbox 307 2297 349 2351; x_wconf 82' lang='lat' dir='ltr'><strong>Oi.</strong></span> <span class='ocrx_word' id='word_1_295' title='bbox 369 2295 405 2350; x_wconf 85' lang='lat' dir='ltr'><strong>ad</strong></span> <span class='ocrx_word' id='word_1_296' title='bbox 425 2311 450 2349; x_wconf 92' lang='lat' dir='ltr'><strong>c.</strong></span> <span class='ocrx_word' id='word_1_297' title='bbox 470 2299 514 2352; x_wconf 85' lang='grc'><strong>16.</strong></span> <span class='ocrx_word' id='word_1_298' title='bbox 534 2313 562 2349; x_wconf 87' lang='lat' dir='ltr'><strong>n.</strong></span> <span class='ocrx_word' id='word_1_299' title='bbox 583 2299 609 2350; x_wconf 88' lang='lat'><strong>1.</strong></span> <span class='ocrx_word' id='word_1_300' title='bbox 629 2295 665 2349; x_wconf 81' lang='lat' dir='ltr'><strong>ad</strong></span> <span class='ocrx_word' id='word_1_301' title='bbox 683 2297 718 2348; x_wconf 88' lang='lat' dir='ltr'><strong>H.</strong></span> <span class='ocrx_word' id='word_1_302' title='bbox 738 2299 775 2361; x_wconf 75' lang='grc'>1,</span> <span class='ocrx_word' id='word_1_303' title='bbox 794 2301 846 2362; x_wconf 79' lang='lat' dir='ltr'><strong>ot,</strong></span> <span class='ocrx_word' id='word_1_304' title='bbox 865 2299 891 2351; x_wconf 84' lang='grc'><strong>6.</strong></span> 
     </span>
    </p>
   </div>
   <div class='ocr_carea' id='block_1_4' title="bbox 638 2458 965 2514">
    <p class='ocr_par' dir='ltr' id='par_1_4' title="bbox 638 2458 965 2514">
     <span class='ocr_line' id='line_1_29' title="bbox 638 2458 965 2514; baseline 0 0"><span class='ocrx_word' id='word_1_305' title='bbox 638 2458 830 2514; x_wconf 80' lang='lat' dir='ltr'>CAPUT</span> <span class='ocrx_word' id='word_1_306' title='bbox 877 2459 965 2514; x_wconf 78' lang='lat' dir='ltr'><strong>ml.</strong></span> 
     </span>
    </p>
   </div>
   <div class='ocr_carea' id='block_1_5' title="bbox 189 2567 1372 4056">
    <p class='ocr_par' dir='ltr' id='par_1_5' title="bbox 189 2567 1372 4056">
     <span class='ocr_line' id='line_1_30' title="bbox 272 2567 1372 2657; baseline -0.005 -21"><span class='ocrx_word' id='word_1_307' title='bbox 272 2573 410 2638; x_wconf 81' lang='lat' dir='ltr'><strong>Tertius</strong></span> <span class='ocrx_word' id='word_1_308' title='bbox 432 2567 679 2656; x_wconf 75' lang='lat' dir='ltr'><strong>expeditionum</strong></span> <span class='ocrx_word' id='word_1_309' title='bbox 699 2591 805 2632; x_wconf 89' lang='lat' dir='ltr'><strong>annus</strong></span> <span class='ocrx_word' id='word_1_310' title='bbox 827 2590 929 2634; x_wconf 86' lang='lat' dir='ltr'><strong>novas</strong></span> <span class='ocrx_word' id='word_1_311' title='bbox 951 2579 1064 2657; x_wconf 88' lang='lat' dir='ltr'><strong>gentes</strong></span> <span class='ocrx_word' id='word_1_312' title='bbox 1091 2574 1247 2656; x_wconf 89' lang='lat' dir='ltr'><strong>aperuit,</strong></span> <span class='ocrx_word' id='word_1_313' title='bbox 1284 2575 1372 2635; x_wconf 75' lang='lat' dir='ltr'><strong>vaste</strong></span> 
     </span>
     <span class='ocr_line' id='line_1_31' title="bbox 191 2652 1372 2742; baseline -0.01 -18"><span class='ocrx_word' id='word_1_314' title='bbox 191 2679 296 2742; x_wconf 86' lang='lat' dir='ltr'><strong>usque</strong></span> <span class='ocrx_word' id='word_1_315' title='bbox 316 2656 359 2719; x_wconf 86' lang='lat' dir='ltr'><strong>sd</strong></span> <span class='ocrx_word' id='word_1_316' title='bbox 379 2655 488 2718; x_wconf 84' lang='lat' dir='ltr'><strong>Taum</strong></span> <span class='ocrx_word' id='word_1_317' title='bbox 509 2652 690 2734; x_wconf 88' lang='lat' dir='ltr'><strong>(aestuario</strong></span> <span class='ocrx_word' id='word_1_318' title='bbox 711 2675 831 2717; x_wconf 90' lang='lat' dir='ltr'><strong>nomen</strong></span> <span class='ocrx_word' id='word_1_319' title='bbox 853 2657 918 2732; x_wconf 87' lang='lat' dir='ltr'><strong>est)</strong></span> <span class='ocrx_word' id='word_1_320' title='bbox 948 2655 1148 2717; x_wconf 81' lang='lat' dir='ltr'><strong>nationibus.</strong></span> <span class='ocrx_word' id='word_1_321' title='bbox 1198 2656 1279 2738; x_wconf 77' lang='lat' dir='ltr'><strong>Qua</strong></span> <span class='ocrx_word' id='word_1_322' title='bbox 1309 2659 1372 2715; x_wconf 85' lang='lat' dir='ltr'><strong>torn</strong></span> 
     </span>
     <span class='ocr_line' id='line_1_32' title="bbox 190 2737 1372 2823; baseline -0.007 -18"><span class='ocrx_word' id='word_1_323' title='bbox 190 2743 267 2806; x_wconf 88' lang='lat' dir='ltr'><strong>(line</strong></span> <span class='ocrx_word' id='word_1_324' title='bbox 288 2743 400 2804; x_wconf 88' lang='lat' dir='ltr'><strong>territi</strong></span> <span class='ocrx_word' id='word_1_325' title='bbox 420 2741 545 2809; x_wconf 84' lang='lat' dir='ltr'><strong>hostes,</strong></span> <span class='ocrx_word' id='word_1_326' title='bbox 575 2757 765 2822; x_wconf 81' lang='lat' dir='ltr'><strong>quanquam</strong></span> <span class='ocrx_word' id='word_1_327' title='bbox 785 2741 1009 2800; x_wconf 84' lang='lat' dir='ltr'><strong>conflictatum</strong></span> <span class='ocrx_word' id='word_1_328' title='bbox 1031 2741 1136 2802; x_wconf 83' lang='lat' dir='ltr'><strong>saevis</strong></span> <span class='ocrx_word' id='word_1_329' title='bbox 1157 2737 1372 2823; x_wconf 63' lang='lat' dir='ltr'><strong>tempestatibi</strong></span> 
     </span>
     <span class='ocr_line' id='line_1_33' title="bbox 191 2821 1372 2906; baseline -0.007 -16"><span class='ocrx_word' id='word_1_330' title='bbox 191 2829 375 2890; x_wconf 89' lang='lat' dir='ltr'><strong>exercitum</strong></span> <span class='ocrx_word' id='word_1_331' title='bbox 396 2825 555 2885; x_wconf 78' lang='lat' dir='ltr'><strong>lacessere</strong></span> <span class='ocrx_word' id='word_1_332' title='bbox 576 2841 642 2882; x_wconf 89' lang='lat' dir='ltr'><strong>non</strong></span> <span class='ocrx_word' id='word_1_333' title='bbox 664 2823 755 2896; x_wconf 73' lang='lat' dir='ltr'><strong>ausi,</strong></span> <span class='ocrx_word' id='word_1_334' title='bbox 777 2821 1003 2905; x_wconf 77' lang='lat' dir='ltr'><strong>ponendisque</strong></span> <span class='ocrx_word' id='word_1_335' title='bbox 1023 2824 1162 2906; x_wconf 89' lang='lat' dir='ltr'><strong>insuper</strong></span> <span class='ocrx_word' id='word_1_336' title='bbox 1181 2824 1329 2884; x_wconf 85' lang='lat' dir='ltr'><strong>castellis</strong></span> <span class='ocrx_word' id='word_1_337' title='bbox 1349 2837 1372 2900; x_wconf 77' lang='lat' dir='ltr'><strong>s]</strong></span> 
     </span>
     <span class='ocr_line' id='line_1_34' title="bbox 190 2903 1372 2990; baseline -0.008 -18"><span class='ocrx_word' id='word_1_338' title='bbox 190 2913 274 2972; x_wconf 87' lang='lat' dir='ltr'><strong>tium</strong></span> <span class='ocrx_word' id='word_1_339' title='bbox 295 2910 370 2969; x_wconf 86' lang='lat' dir='ltr'><strong>fuit.</strong></span> <span class='ocrx_word' id='word_1_340' title='bbox 412 2905 624 2967; x_wconf 79' lang='lat' dir='ltr'><strong>Annotabant</strong></span> <span class='ocrx_word' id='word_1_341' title='bbox 644 2907 766 2988; x_wconf 88' lang='lat' dir='ltr'><strong>periti,</strong></span> <span class='ocrx_word' id='word_1_342' title='bbox 799 2925 866 2968; x_wconf 86' lang='lat' dir='ltr'><strong>non</strong></span> <span class='ocrx_word' id='word_1_343' title='bbox 887 2907 989 2968; x_wconf 88' lang='lat' dir='ltr'><strong>alium</strong></span> <span class='ocrx_word' id='word_1_344' title='bbox 1010 2903 1128 2968; x_wconf 87' lang='lat' dir='ltr'><strong>ducem</strong></span> <span class='ocrx_word' id='word_1_345' title='bbox 1150 2907 1372 2990; x_wconf 76' lang='lat' dir='ltr'><strong>opportunital</strong></span> 
     </span>
     <span class='ocr_line' id='line_1_35' title="bbox 190 2989 1372 3076; baseline -0.007 -21"><span class='ocrx_word' id='word_1_346' title='bbox 190 2995 341 3055; x_wconf 88' lang='lat' dir='ltr'><strong>locorum</strong></span> <span class='ocrx_word' id='word_1_347' title='bbox 361 2989 543 3069; x_wconf 85' lang='lat' dir='ltr'><strong>sapientius</strong></span> <span class='ocrx_word' id='word_1_348' title='bbox 563 2989 700 3073; x_wconf 82' lang='lat' dir='ltr'><strong>legisse,</strong></span> <span class='ocrx_word' id='word_1_349' title='bbox 737 2990 864 3051; x_wconf 88' lang='lat' dir='ltr'><strong>nullum</strong></span> <span class='ocrx_word' id='word_1_350' title='bbox 892 2991 933 3051; x_wconf 89' lang='lat' dir='ltr'><strong>ab</strong></span> <span class='ocrx_word' id='word_1_351' title='bbox 954 2989 1108 3076; x_wconf 80' lang='lat' dir='ltr'><strong>Agricola</strong></span> <span class='ocrx_word' id='word_1_352' title='bbox 1134 2994 1289 3074; x_wconf 89' lang='lat' dir='ltr'><strong>positum</strong></span> <span class='ocrx_word' id='word_1_353' title='bbox 1311 2995 1372 3048; x_wconf 86' lang='lat' dir='ltr'><strong>east</strong></span> 
     </span>
     <span class='ocr_line' id='line_1_36' title="bbox 190 3069 1372 3218; baseline -0.007 -80"><span class='ocrx_word' id='word_1_354' title='bbox 190 3077 260 3138; x_wconf 87' lang='lat' dir='ltr'><strong>lum</strong></span> <span class='ocrx_word' id='word_1_355' title='bbox 281 3081 340 3136; x_wconf 89' lang='lat' dir='ltr'><strong>aut</strong></span> <span class='ocrx_word' id='word_1_356' title='bbox 360 3074 397 3136; x_wconf 78' lang='lat' dir='ltr'><strong>vi</strong></span> <span class='ocrx_word' id='word_1_357' title='bbox 418 3073 563 3133; x_wconf 86' lang='lat' dir='ltr'><strong>hostium</strong></span> <span class='ocrx_word' id='word_1_358' title='bbox 584 3081 827 3156; x_wconf 84' lang='lat' dir='ltr'><strong>expugnatum,</strong></span> <span class='ocrx_word' id='word_1_359' title='bbox 865 3081 924 3134; x_wconf 91' lang='lat' dir='ltr'><strong>aut</strong></span> <span class='ocrx_word' id='word_1_360' title='bbox 956 3075 1110 3156; x_wconf 87' lang='lat' dir='ltr'><strong>pactione</strong></span> <span class='ocrx_word' id='word_1_361' title='bbox 1139 3093 1178 3135; x_wconf 89' lang='lat' dir='ltr'><strong>ac</strong></span> <span class='ocrx_word' id='word_1_362' title='bbox 1207 3077 1292 3218; x_wconf 55' lang='grc' dir='ltr'><strong>Ἓει</strong></span> <span class='ocrx_word' id='word_1_363' title='bbox 1315 3069 1372 3131; x_wconf 71' lang='lat' dir='ltr'><strong>des&lt;</strong></span> 
     </span>
     <span class='ocr_line' id='line_1_37' title="bbox 189 3153 1372 3236; baseline -0.002 -16"><span class='ocrx_word' id='word_1_364' title='bbox 189 3168 272 3220; x_wconf 87' lang='lat' dir='ltr'><strong>tum.</strong></span> <span class='ocrx_word' id='word_1_365' title='bbox 323 3153 467 3217; x_wconf 82' lang='lat' dir='ltr'><strong>Crebrae</strong></span> <span class='ocrx_word' id='word_1_366' title='bbox 497 3156 708 3236; x_wconf 84' lang='lat' dir='ltr'><strong>eruptiones:</strong></span> <span class='ocrx_word' id='word_1_367' title='bbox 750 3176 827 3217; x_wconf 83' lang='lat' dir='ltr'><strong>nam</strong></span> <span class='ocrx_word' id='word_1_368' title='bbox 847 3153 1008 3220; x_wconf 86' lang='lat' dir='ltr'><strong>adversus</strong></span> <span class='ocrx_word' id='word_1_369' title='bbox 1029 3176 1138 3218; x_wconf 89' lang='lat' dir='ltr'><strong>moras</strong></span> <span class='ocrx_word' id='word_1_370' title='bbox 1158 3157 1232 3219; x_wconf 90' lang='lat' dir='ltr'><strong>obsi</strong></span> <span class='ocrx_word' id='word_1_371' title='bbox 1274 3158 1372 3218; x_wconf 75' lang='lat' dir='ltr'><strong>onist</strong></span> 
     </span>
     <span class='ocr_line' id='line_1_38' title="bbox 191 3221 1372 3323; baseline -0.006 -20"><span class='ocrx_word' id='word_1_372' title='bbox 191 3243 267 3304; x_wconf 73' lang='lat' dir='ltr'><strong>nus</strong></span> <span class='ocrx_word' id='word_1_373' title='bbox 290 3241 394 3321; x_wconf 73' lang='lat' dir='ltr'><strong>copus</strong></span> <span class='ocrx_word' id='word_1_374' title='bbox 415 3239 644 3300; x_wconf 77' lang='lat' dir='ltr'><strong>firmabantur.</strong></span> <span class='ocrx_word' id='word_1_375' title='bbox 694 3239 744 3300; x_wconf 72' lang='lat' dir='ltr'><strong>lta</strong></span> <span class='ocrx_word' id='word_1_376' title='bbox 770 3238 1150 3323; x_wconf 59' lang='lat' dir='ltr'><strong>insipientissime,</strong></span> <span class='ocrx_word' id='word_1_377' title='bbox 1190 3249 1224 3302; x_wconf 76' lang='lat' dir='ltr'><strong>et</strong></span> <span class='ocrx_word' id='word_1_378' title='bbox 1248 3241 1316 3300; x_wconf 73' lang='lat' dir='ltr'><strong>sisi</strong></span> <span class='ocrx_word' id='word_1_379' title='bbox 1337 3221 1372 3318; x_wconf 73' lang='lat' dir='ltr'><strong>,t</strong></span> 
     </span>
     <span class='ocr_line' id='line_1_39' title="bbox 191 3320 1371 3408; baseline -0.003 -22"><span class='ocrx_word' id='word_1_380' title='bbox 191 3345 255 3408; x_wconf 89' lang='lat' dir='ltr'><strong>que</strong></span> <span class='ocrx_word' id='word_1_381' title='bbox 276 3320 462 3406; x_wconf 86' lang='lat' dir='ltr'><strong>praesidio,</strong></span> <span class='ocrx_word' id='word_1_382' title='bbox 484 3323 591 3384; x_wconf 89' lang='lat' dir='ltr'><strong>irritis</strong></span> <span class='ocrx_word' id='word_1_383' title='bbox 614 3322 762 3384; x_wconf 79' lang='lat' dir='ltr'><strong>hostibus</strong></span> <span class='ocrx_word' id='word_1_384' title='bbox 784 3341 889 3404; x_wconf 88' lang='lat' dir='ltr'><strong>eoque</strong></span> <span class='ocrx_word' id='word_1_385' title='bbox 910 3321 1180 3406; x_wconf 82' lang='lat' dir='ltr'><strong>desperantibus,</strong></span> <span class='ocrx_word' id='word_1_386' title='bbox 1210 3326 1317 3406; x_wconf 80' lang='lat' dir='ltr'><strong>quia.</strong></span> <span class='ocrx_word' id='word_1_387' title='bbox 1341 3341 1371 3384; x_wconf 91' lang='lat' dir='ltr'><strong>so</strong></span> 
     </span>
     <span class='ocr_line' id='line_1_40' title="bbox 191 3403 1353 3493; baseline -0.005 -23"><span class='ocrx_word' id='word_1_388' title='bbox 191 3411 389 3493; x_wconf 88' lang='lat' dir='ltr'><strong>plerumque</strong></span> <span class='ocrx_word' id='word_1_389' title='bbox 415 3403 534 3466; x_wconf 87' lang='lat' dir='ltr'><strong>damna</strong></span> <span class='ocrx_word' id='word_1_390' title='bbox 554 3407 687 3469; x_wconf 88' lang='lat' dir='ltr'><strong>aestatis</strong></span> <span class='ocrx_word' id='word_1_391' title='bbox 708 3405 856 3468; x_wconf 90' lang='lat' dir='ltr'><strong>hibernis</strong></span> <span class='ocrx_word' id='word_1_392' title='bbox 878 3407 1051 3469; x_wconf 83' lang='lat' dir='ltr'><strong>eventibus</strong></span> <span class='ocrx_word' id='word_1_393' title='bbox 1072 3425 1234 3488; x_wconf 87' lang='lat' dir='ltr'><strong>pensare,</strong></span> <span class='ocrx_word' id='word_1_394' title='bbox 1280 3417 1353 3468; x_wconf 89' lang='lat' dir='ltr'><strong>tum</strong></span> 
     </span>
     <span class='ocr_line' id='line_1_41' title="bbox 191 3489 1371 3576; baseline -0.006 -20"><span class='ocrx_word' id='word_1_395' title='bbox 191 3501 275 3556; x_wconf 85' lang='lat' dir='ltr'><strong>state</strong></span> <span class='ocrx_word' id='word_1_396' title='bbox 296 3499 395 3573; x_wconf 85' lang='lat' dir='ltr'><strong>atque</strong></span> <span class='ocrx_word' id='word_1_397' title='bbox 416 3489 524 3551; x_wconf 89' lang='lat' dir='ltr'><strong>hicme</strong></span> <span class='ocrx_word' id='word_1_398' title='bbox 544 3491 637 3551; x_wconf 85' lang='lat' dir='ltr'><strong>iuxta</strong></span> <span class='ocrx_word' id='word_1_399' title='bbox 658 3489 874 3572; x_wconf 85' lang='lat' dir='ltr'><strong>pellebantur.</strong></span> <span class='ocrx_word' id='word_1_400' title='bbox 919 3489 991 3552; x_wconf 90' lang='lat' dir='ltr'><strong>Nec</strong></span> <span class='ocrx_word' id='word_1_401' title='bbox 1011 3489 1165 3576; x_wconf 80' lang='lat' dir='ltr'><strong>Agricola</strong></span> <span class='ocrx_word' id='word_1_402' title='bbox 1188 3507 1371 3572; x_wconf 52' lang='lat' dir='ltr'><strong>unquam*⁴</strong></span> 
     </span>
     <span class='ocr_line' id='line_1_42' title="bbox 190 3569 1371 3661; baseline -0.005 -23"><span class='ocrx_word' id='word_1_403' title='bbox 190 3578 270 3638; x_wconf 83' lang='lat' dir='ltr'><strong>alios</strong></span> <span class='ocrx_word' id='word_1_404' title='bbox 292 3583 383 3661; x_wconf 80' lang='lat' dir='ltr'><strong>gesta</strong></span> <span class='ocrx_word' id='word_1_405' title='bbox 402 3569 520 3637; x_wconf 87' lang='lat' dir='ltr'><strong>avidus</strong></span> <span class='ocrx_word' id='word_1_406' title='bbox 541 3575 737 3656; x_wconf 85' lang='lat' dir='ltr'><strong>intercepit:</strong></span> <span class='ocrx_word' id='word_1_407' title='bbox 761 3593 821 3636; x_wconf 89' lang='lat' dir='ltr'><strong>seu</strong></span> <span class='ocrx_word' id='word_1_408' title='bbox 842 3575 993 3634; x_wconf 88' lang='lat' dir='ltr'><strong>centurio</strong></span> <span class='ocrx_word' id='word_1_409' title='bbox 1019 3594 1078 3635; x_wconf 90' lang='lat' dir='ltr'><strong>seu</strong></span> <span class='ocrx_word' id='word_1_410' title='bbox 1100 3577 1298 3656; x_wconf 85' lang='lat' dir='ltr'><strong>praefectus</strong></span> <span class='ocrx_word' id='word_1_411' title='bbox 1321 3575 1371 3633; x_wconf 87' lang='lat' dir='ltr'><strong>inc</strong></span> 
     </span>
     <span class='ocr_line' id='line_1_43' title="bbox 190 3653 1371 3742; baseline -0.003 -22"><span class='ocrx_word' id='word_1_412' title='bbox 190 3668 328 3742; x_wconf 86' lang='lat' dir='ltr'><strong>ruptum</strong></span> <span class='ocrx_word' id='word_1_413' title='bbox 349 3659 427 3718; x_wconf 85' lang='lat' dir='ltr'><strong>sacti</strong></span> <span class='ocrx_word' id='word_1_414' title='bbox 448 3664 565 3718; x_wconf 88' lang='lat' dir='ltr'><strong>testem</strong></span> <span class='ocrx_word' id='word_1_415' title='bbox 586 3655 734 3720; x_wconf 85' lang='lat' dir='ltr'><strong>habebat.</strong></span> <span class='ocrx_word' id='word_1_416' title='bbox 785 3653 885 3738; x_wconf 79' lang='lat' dir='ltr'><strong>Apud</strong></span> <span class='ocrx_word' id='word_1_417' title='bbox 913 3655 1072 3738; x_wconf 87' lang='lat' dir='ltr'><strong>quosdam</strong></span> <span class='ocrx_word' id='word_1_418' title='bbox 1103 3657 1263 3718; x_wconf 87' lang='lat' dir='ltr'><strong>acerbior</strong></span> <span class='ocrx_word' id='word_1_419' title='bbox 1294 3659 1371 3718; x_wconf 85' lang='lat' dir='ltr'><strong>ino</strong></span> 
     </span>
     <span class='ocr_line' id='line_1_44' title="bbox 190 3737 1361 3820; baseline -0.003 -16"><span class='ocrx_word' id='word_1_420' title='bbox 190 3743 286 3806; x_wconf 83' lang='lat' dir='ltr'><strong>viciis</strong></span> <span class='ocrx_word' id='word_1_421' title='bbox 308 3739 517 3802; x_wconf 77' lang='lat' dir='ltr'><strong>narrabatur.</strong></span> <span class='ocrx_word' id='word_1_422' title='bbox 569 3737 614 3800; x_wconf 89' lang='lat' dir='ltr'><strong>Ut</strong></span> <span class='ocrx_word' id='word_1_423' title='bbox 634 3747 706 3800; x_wconf 89' lang='lat' dir='ltr'><strong>erat</strong></span> <span class='ocrx_word' id='word_1_424' title='bbox 727 3739 821 3801; x_wconf 90' lang='lat' dir='ltr'><strong>bonis</strong></span> <span class='ocrx_word' id='word_1_425' title='bbox 842 3743 964 3820; x_wconf 79' lang='lat' dir='ltr'><strong>comis,</strong></span> <span class='ocrx_word' id='word_1_426' title='bbox 992 3743 1040 3801; x_wconf 88' lang='lat' dir='ltr'><strong>ite</strong></span> <span class='ocrx_word' id='word_1_427' title='bbox 1061 3737 1222 3802; x_wconf 88' lang='lat' dir='ltr'><strong>adversus</strong></span> <span class='ocrx_word' id='word_1_428' title='bbox 1249 3743 1361 3802; x_wconf 87' lang='lat' dir='ltr'><strong>malos</strong></span> 
     </span>
     <span class='ocr_line' id='line_1_45' title="bbox 190 3820 1371 3908; baseline -0.002 -24"><span class='ocrx_word' id='word_1_429' title='bbox 190 3823 373 3887; x_wconf 88' lang='lat' dir='ltr'><strong>iucundus:</strong></span> <span class='ocrx_word' id='word_1_430' title='bbox 417 3833 564 3884; x_wconf 87' lang='lat' dir='ltr'><strong>ceterum</strong></span> <span class='ocrx_word' id='word_1_431' title='bbox 594 3842 633 3884; x_wconf 84' lang='lat' dir='ltr'><strong>ex</strong></span> <span class='ocrx_word' id='word_1_432' title='bbox 660 3822 834 3885; x_wconf 89' lang='lat' dir='ltr'><strong>iracundia</strong></span> <span class='ocrx_word' id='word_1_433' title='bbox 855 3825 939 3884; x_wconf 89' lang='lat' dir='ltr'><strong>nihil</strong></span> <span class='ocrx_word' id='word_1_434' title='bbox 961 3833 1146 3908; x_wconf 84' lang='lat' dir='ltr'><strong>supererat.</strong></span> <span class='ocrx_word' id='word_1_435' title='bbox 1190 3820 1371 3886; x_wconf 83' lang='lat' dir='ltr'><strong>Secretum</strong></span> 
     </span>
     <span class='ocr_line' id='line_1_46' title="bbox 190 3904 1371 4054; baseline 0 -84"><span class='ocrx_word' id='word_1_436' title='bbox 190 3909 354 4054; x_wconf 50' lang='lat' dir='ltr'><strong>sigentium</strong></span> <span class='ocrx_word' id='word_1_437' title='bbox 376 3907 447 3968; x_wconf 89' lang='lat' dir='ltr'><strong>eius</strong></span> <span class='ocrx_word' id='word_1_438' title='bbox 469 3925 535 3967; x_wconf 89' lang='lat' dir='ltr'><strong>non</strong></span> <span class='ocrx_word' id='word_1_439' title='bbox 557 3907 701 3968; x_wconf 86' lang='lat' dir='ltr'><strong>timeres.</strong></span> <span class='ocrx_word' id='word_1_440' title='bbox 746 3906 930 3969; x_wconf 86' lang='lat' dir='ltr'><strong>Honestius</strong></span> <span class='ocrx_word' id='word_1_441' title='bbox 950 3908 1089 3991; x_wconf 88' lang='lat' dir='ltr'><strong>putabat</strong></span> <span class='ocrx_word' id='word_1_442' title='bbox 1109 3904 1312 3988; x_wconf 79' lang='lat' dir='ltr'><strong>offendere,</strong></span> <span class='ocrx_word' id='word_1_443' title='bbox 1337 3925 1371 3992; x_wconf 75' lang='lat' dir='ltr'><strong>qt</strong></span> 
     </span>
     <span class='ocr_line' id='line_1_47' title="bbox 189 4011 308 4056; baseline 0 -2"><span class='ocrx_word' id='word_1_444' title='bbox 189 4011 308 4056; x_wconf 89' lang='lat' dir='ltr'><strong>o1ssc.</strong></span> 
     </span>
    </p>
   </div>
   <div class='ocr_carea' id='block_1_6' title="bbox 187 4107 1371 4471">
    <p class='ocr_par' dir='ltr' id='par_1_6' title="bbox 187 4107 1371 4471">
     <span class='ocr_line' id='line_1_48' title="bbox 191 4107 1371 4180; baseline -0.001 -17"><span class='ocrx_word' id='word_1_445' title='bbox 191 4157 194 4163; x_wconf 91' lang='lat'><strong>.</strong></span> <span class='ocrx_word' id='word_1_446' title='bbox 263 4114 288 4163; x_wconf 88' lang='lat'><strong>1.</strong></span> <span class='ocrx_word' id='word_1_447' title='bbox 330 4109 437 4162; x_wconf 80' lang='lat' dir='ltr'><strong>Tertius</strong></span> <span class='ocrx_word' id='word_1_448' title='bbox 460 4108 660 4177; x_wconf 67' lang='lat' dir='ltr'><strong>expeditionum</strong></span> <span class='ocrx_word' id='word_1_449' title='bbox 679 4125 767 4161; x_wconf 80' lang='lat' dir='ltr'><strong>annus</strong></span> <span class='ocrx_word' id='word_1_450' title='bbox 785 4108 820 4162; x_wconf 91' lang='lat' dir='ltr'><strong>U.</strong></span> <span class='ocrx_word' id='word_1_451' title='bbox 843 4126 867 4162; x_wconf 90' lang='lat' dir='ltr'><strong>c.</strong></span> <span class='ocrx_word' id='word_1_452' title='bbox 888 4113 951 4166; x_wconf 83' lang='lat'><strong>833.</strong></span> <span class='ocrx_word' id='word_1_453' title='bbox 972 4125 1001 4177; x_wconf 88' lang='lat' dir='ltr'><strong>p.</strong></span> <span class='ocrx_word' id='word_1_454' title='bbox 1023 4107 1092 4162; x_wconf 85' lang='lat' dir='ltr'><strong>Chr.</strong></span> <span class='ocrx_word' id='word_1_455' title='bbox 1112 4126 1141 4160; x_wconf 90' lang='lat' dir='ltr'><strong>n.</strong></span> <span class='ocrx_word' id='word_1_456' title='bbox 1160 4111 1203 4163; x_wconf 81' lang='lat'><strong>80.</strong></span> <span class='ocrx_word' id='word_1_457' title='bbox 1226 4127 1327 4162; x_wconf 79' lang='lat' dir='ltr'><strong>nones</strong></span> <span class='ocrx_word' id='word_1_458' title='bbox 1346 4123 1371 4180; x_wconf 60' lang='lat' dir='ltr'><strong>gt</strong></span> 
     </span>
     <span class='ocr_line' id='line_1_49' title="bbox 190 4179 1370 4252; baseline 0 -20"><span class='ocrx_word' id='word_1_459' title='bbox 190 4188 315 4248; x_wconf 80' lang='lat' dir='ltr'><strong>aperuit,</strong></span> <span class='ocrx_word' id='word_1_460' title='bbox 336 4183 372 4233; x_wconf 84' lang='lat' dir='ltr'><strong>ci.</strong></span> <span class='ocrx_word' id='word_1_461' title='bbox 392 4179 455 4233; x_wconf 85' lang='lat' dir='ltr'><strong>ind.</strong></span> <span class='ocrx_word' id='word_1_462' title='bbox 476 4197 503 4232; x_wconf 81' lang='lat' dir='ltr'><strong>v.</strong></span> <span class='ocrx_word' id='word_1_463' title='bbox 523 4181 620 4234; x_wconf 73' lang='lat' dir='ltr'><strong>Annus</strong></span> <span class='ocrx_word' id='word_1_464' title='bbox 639 4188 667 4234; x_wconf 91' lang='lat' dir='ltr'><strong>et</strong></span> <span class='ocrx_word' id='word_1_465' title='bbox 687 4181 723 4234; x_wconf 87' lang='lat' dir='ltr'><strong>ad</strong></span> <span class='ocrx_word' id='word_1_466' title='bbox 742 4180 778 4233; x_wconf 88' lang='lat' dir='ltr'><strong>G.</strong></span> <span class='ocrx_word' id='word_1_467' title='bbox 799 4185 823 4234; x_wconf 87' lang='lat'><strong>1.</strong></span> <span class='ocrx_word' id='word_1_468' title='bbox 846 4199 874 4234; x_wconf 86' lang='lat' dir='ltr'><strong>n.</strong></span> <span class='ocrx_word' id='word_1_469' title='bbox 894 4187 919 4238; x_wconf 87' lang='lat'><strong>3.</strong></span> <span class='ocrx_word' id='word_1_470' title='bbox 957 4199 1043 4236; x_wconf 76' lang='lat' dir='ltr'><strong>nouas</strong></span> <span class='ocrx_word' id='word_1_471' title='bbox 1070 4189 1163 4252; x_wconf 81' lang='lat' dir='ltr'><strong>gentes</strong></span> <span class='ocrx_word' id='word_1_472' title='bbox 1181 4179 1273 4234; x_wconf 84' lang='lat' dir='ltr'><strong>inter</strong></span> <span class='ocrx_word' id='word_1_473' title='bbox 1299 4183 1370 4234; x_wconf 78' lang='lat' dir='ltr'><strong>Sola</strong></span> 
     </span>
     <span class='ocr_line' id='line_1_50' title="bbox 188 4251 1370 4328; baseline 0.004 -24"><span class='ocrx_word' id='word_1_474' title='bbox 188 4251 271 4308; x_wconf 72' lang='lat' dir='ltr'><strong>met</strong></span> <span class='ocrx_word' id='word_1_475' title='bbox 289 4261 318 4308; x_wconf 91' lang='lat' dir='ltr'><strong>st</strong></span> <span class='ocrx_word' id='word_1_476' title='bbox 335 4252 418 4307; x_wconf 84' lang='lat' dir='ltr'><strong>Fritb</strong></span> <span class='ocrx_word' id='word_1_477' title='bbox 437 4251 473 4320; x_wconf 72' lang='lat' dir='ltr'><strong>qs</strong></span> <span class='ocrx_word' id='word_1_478' title='bbox 487 4253 560 4324; x_wconf 78' lang='lat' dir='ltr'><strong>Tay,</strong></span> <span class='ocrx_word' id='word_1_479' title='bbox 583 4251 633 4304; x_wconf 91' lang='lat' dir='ltr'><strong>ubi</strong></span> <span class='ocrx_word' id='word_1_480' title='bbox 651 4270 729 4306; x_wconf 87' lang='lat' dir='ltr'><strong>nunc</strong></span> <span class='ocrx_word' id='word_1_481' title='bbox 748 4253 916 4322; x_wconf 81' lang='lat' dir='ltr'><strong>provinciae</strong></span> <span class='ocrx_word' id='word_1_482' title='bbox 934 4254 1112 4315; x_wconf 70' lang='lat' dir='ltr'><strong>Amendae,</strong></span> <span class='ocrx_word' id='word_1_483' title='bbox 1130 4251 1280 4316; x_wconf 76' lang='lat' dir='ltr'><strong>Eusdnle,</strong></span> <span class='ocrx_word' id='word_1_484' title='bbox 1303 4257 1370 4328; x_wconf 75' lang='lat' dir='ltr'><strong>ctys</strong></span> 
     </span>
     <span class='ocr_line' id='line_1_51' title="bbox 191 4322 1370 4397; baseline 0.002 -19"><span class='ocrx_word' id='word_1_485' title='bbox 191 4326 341 4386; x_wconf 73' lang='grc' dir='ltr'><strong>Τωειᾰαὶι,</strong></span> <span class='ocrx_word' id='word_1_486' title='bbox 360 4325 499 4384; x_wconf 76' lang='lat' dir='ltr'><strong>Beneirl,</strong></span> <span class='ocrx_word' id='word_1_487' title='bbox 517 4323 660 4388; x_wconf 80' lang='lat' dir='ltr'><strong>lotbinn,</strong></span> <span class='ocrx_word' id='word_1_488' title='bbox 681 4326 824 4397; x_wconf 77' lang='lat' dir='ltr'><strong>sterling,</strong></span> <span class='ocrx_word' id='word_1_489' title='bbox 842 4327 976 4389; x_wconf 79' lang='lat' dir='ltr'><strong>Mmtetb,</strong></span> <span class='ocrx_word' id='word_1_490' title='bbox 996 4325 1093 4386; x_wconf 74' lang='lat' dir='ltr'><strong>Pestis,</strong></span> <span class='ocrx_word' id='word_1_491' title='bbox 1110 4322 1190 4393; x_wconf 66' lang='lat' dir='ltr'><strong>Fists·</strong></span> <span class='ocrx_word' id='word_1_492' title='bbox 1209 4324 1306 4382; x_wconf 81' lang='lat' dir='ltr'><strong>Brot.</strong></span> <span class='ocrx_word' id='word_1_493' title='bbox 1330 4357 1370 4370; x_wconf 91' lang='lat'>-</span> 
     </span>
     <span class='ocr_line' id='line_1_52' title="bbox 187 4399 1370 4471; baseline 0.003 -21"><span class='ocrx_word' id='word_1_494' title='bbox 187 4404 273 4452; x_wconf 80' lang='lat' dir='ltr'><strong>statie</strong></span> <span class='ocrx_word' id='word_1_495' title='bbox 297 4417 379 4471; x_wconf 82' lang='lat' dir='ltr'><strong>usque</strong></span> <span class='ocrx_word' id='word_1_496' title='bbox 403 4401 441 4454; x_wconf 74' lang='lat' dir='ltr'><strong>ad</strong></span> <span class='ocrx_word' id='word_1_497' title='bbox 466 4399 553 4454; x_wconf 70' lang='lat' dir='ltr'><strong>emm</strong></span> <span class='ocrx_word' id='word_1_498' title='bbox 578 4401 752 4462; x_wconf 80' lang='lat' dir='ltr'><strong>nationibus,</strong></span> <span class='ocrx_word' id='word_1_499' title='bbox 788 4417 816 4454; x_wconf 81' lang='lat' dir='ltr'><strong>v.</strong></span> <span class='ocrx_word' id='word_1_500' title='bbox 846 4399 884 4454; x_wconf 85' lang='lat' dir='ltr'><strong>ad</strong></span> <span class='ocrx_word' id='word_1_501' title='bbox 907 4399 980 4454; x_wconf 84' lang='lat' dir='ltr'><strong>Anu.</strong></span> <span class='ocrx_word' id='word_1_502' title='bbox 1000 4402 1033 4468; x_wconf 94' lang='grc'>2,</span> <span class='ocrx_word' id='word_1_503' title='bbox 1053 4399 1151 4464; x_wconf 70' lang='grc'>25,2.</span> <span class='ocrx_word' id='word_1_504' title='bbox 1187 4399 1299 4458; x_wconf 73' lang='lat' dir='ltr'><strong>„Tuus</strong></span> <span class='ocrx_word' id='word_1_505' title='bbox 1321 4403 1370 4454; x_wconf 73' lang='lat' dir='ltr'><strong>liu*</strong></span> 
     </span>
    </p>
   </div>
   <div class='ocr_carea' id='block_1_7' title="bbox 0 0 1390 4792">
    <p class='ocr_par' dir='ltr' id='par_1_7' title="bbox 0 0 1390 4792">
     <span class='ocr_line' id='line_1_53' title="bbox 0 0 1390 4792; baseline 0 0"><span class='ocrx_word' id='word_1_506' title='bbox 0 0 1390 4792; x_wconf 95' lang='lat' dir='ltr'><strong> </strong></span> 
     </span>
    </p>
   </div>
  </div>
 </body>
</html>
