2904 4802
184 217 246 282 1152
491 208 716 342 DlALOEsUS
737 211 796 276 DE
819 209 1105 276 ORATORIBUS·
1120 205 1137 231 '¹
1339 211 1360 248 ³

186 403 214 437 ιι.
234 382 276 448 5.)
307 377 475 434 bibliothecis
498 378 586 432 adbioc
610 385 726 432 monent
744 378 851 430 merito
871 385 988 448 receptu
1007 393 1023 430 s
1041 375 1105 447 Bip.
1126 376 1206 432 seso.
1227 373 1297 428 Dr.’'
1328 377 1417 429 Oscos.

188 454 315 510 Anobis
335 460 448 506 retento
468 459 510 504 est
536 451 622 506 lectio
647 459 676 506 et
701 451 811 504 codicis
830 450 914 502 Farn.
945 454 992 512 (ex
1017 465 1074 518 quo
1098 450 1212 519 Lipsius
1241 463 1300 502 non
1325 449 1419 502 sliam

188 526 328 589 enotavit)
349 533 378 579 ct
397 524 527 578 onmium
546 523 608 578 edd.
629 525 677 576 cui
697 527 786 578 etiem
806 522 893 576 verba
911 523 999 576 adbuc
1016 532 1146 586 monent,
1174 522 1292 589 (latent)
1311 521 1336 574 si
1355 537 1420 572 non

187 601 292 664 unice,
323 598 425 652 saltem
445 597 535 671 tnagis
555 605 747 650 consentanca
765 603 839 647 sunt.
877 595 920 648 De
944 593 1114 648 bibliothecis
1133 598 1314 664 antiquorum
1333 611 1360 645 v.
1383 592 1421 644 cd

188 690 250 744 csp.
269 675 312 726 21.
334 689 361 723 ιι.
381 673 407 726 6.
447 669 482 722 ds
508 673 633 740 antiquis
653 676 681 722 et
699 669 831 722 ueteribus
850 684 910 737 cop.
931 669 1056 724 15-23.
1078 675 1107 721 et
1126 667 1161 720 sd
1179 669 1257 720 Αιιιι.
1279 671 1310 732 1,
1332 671 1369 729 1,
1391 669 1419 720 3.

188 743 366 814 Praepositio
393 746 423 795 in
448 758 506 794 non
525 741 636 816 legitur
655 742 687 794 in
708 740 771 793 edd.
793 747 850 793 vet.
871 757 925 794 nec
944 739 1001 792 nisi
1019 740 1051 792 in
1071 737 1147 792 MSS.
1168 741 1231 790 Vct.
1252 739 1419 812 glossarum

188 819 291 889 plenis.
331 815 370 870 Gi
385 813 422 868 sd
440 831 464 866 o.
485 816 529 869 32.
548 831 576 866 ιι.
596 818 621 867 1.
641 813 676 866 sd
696 813 731 864 ll.
753 818 788 878 3,
810 817 860 875 19,
879 813 904 867 2.
935 820 963 866 et
982 811 1046 865 lud.
1067 813 1120 866 111.
1148 829 1176 864 r.
1195 811 1315 880 Ellipsis
1336 810 1422 862 Prac-

187 894 270 962 posit.
290 919 326 929 -
345 905 426 961 quum
443 891 576 947 maxime,
597 905 624 939 v.
645 885 681 938 sd
701 885 736 937 H.
757 889 791 950 1,
811 889 862 952 29,
882 889 908 940 6.
946 903 1007 938 cum
1025 889 1143 938 morione
1162 884 1205 937 ed.
1227 901 1272 954 pr.
1294 891 1322 936 et
1341 883 1419 934 Ern.

188 963 267 1017 Brot.
289 959 354 1015 Sch.
374 961 411 1012 sl.
449 977 522 1012 nunc
538 963 656 1012 maxime
675 957 719 1010 ed.
741 959 802 1009 Put.
824 965 851 1012 et
870 965 923 1010 cet.
943 965 1009 1010 ante
1027 959 1099 1010 Ern.
1119 965 1155 1009 ut
1172 955 1275 1026 etBip.
1293 964 1321 1008 et
1333 954 1420 1008 Seeb.

188 1064 224 1076 -
244 1055 262 1088 a
281 1036 316 1086 Μ.
338 1031 453 1086 Licinio
472 1033 573 1086 Crasso
591 1032 737 1090 Muciano,
758 1030 884 1098 (dequo
904 1029 939 1082 ad
958 1031 992 1082 11.
1014 1035 1046 1096 1,
1068 1033 1117 1095 19,
1138 1029 1177 1098 1.)
1204 1027 1422 1086 contrabuntur,

190 1108 390 1182 colligunturs
418 1105 486 1158 Brn.
520 1105 730 1174 protrahuntur
747 1102 865 1171 scripsit
885 1103 989 1156 ticum.
1028 1101 1105 1168 „Sed
1123 1115 1218 1156 sermo
1239 1110 1281 1154 est
1299 1101 1334 1154 de
1355 1101 1422 1170 epi·

189 1188 268 1235 tome
286 1179 348 1232 sire
367 1176 524 1252 eclogariis
552 1185 582 1230 et
607 1175 766 1246 excerptis,
802 1174 900 1244 qualia
925 1183 995 1228 tuno
1018 1175 1160 1244 temporis
1179 1192 1195 1228 c
1213 1173 1315 1226 inultis
1334 1189 1422 1226 com-

189 1253 261 1324 poni
289 1251 426 1305 solebant.
474 1249 516 1302 Gi.
544 1249 685 1302 Bronton.
714 1265 742 1318 p.
765 1251 824 1302 160.
853 1247 895 1300 ed.
922 1246 1024 1300 llom.’'
1057 1249 1128 1300 Orel.
1170 1247 1323 1300 Notissimi
1350 1253 1422 1298 sunt

189 1327 349 1380 Electorurn
368 1324 565 1376 commentarii
583 1322 661 1375 CLX.
687 1317 912 1393 opisthographi
942 1327 970 1372 et
988 1319 1179 1374 minutissime
1198 1318 1303 1389 scripti
1322 1336 1338 1370 a
1359 1309 1423 1370 Pli-

192 1398 241 1452 nio
270 1396 358 1461 msi.,
393 1395 429 1448 de
455 1393 558 1464 quibus
582 1413 608 1446 v.
630 1394 703 1446 Plin.
731 1409 775 1461 ep.
796 1395 831 1456 3,
851 1395 886 1457 5,
907 1395 949 1447 17.
989 1391 1056 1456 „Ex
1073 1390 1102 1444 h.
1125 1392 1146 1446 1.
1166 1400 1267 1462 patere
1285 1390 1422 1454 videtur,

191 1471 356 1524 Mucianum
376 1467 571 1537 composuisse
594 1466 686 1518 libros
714 1465 887 1517 informem
908 1464 1152 1534 encyclopsedise
1172 1465 1218 1517 vel
1239 1462 1423 1518 chrestoma·

191 1543 287 1605 thiae,
321 1548 355 1593 ut
375 1556 453 1592 nunc
471 1539 553 1607 loqui
573 1538 683 1602 solent,
715 1553 820 1606 nempe
841 1553 876 1590 ex
898 1536 1046 1590 ueteribus
1065 1537 1140 1589 vsrii
1162 1537 1279 1621 generis
1298 1536 1423 1605 scriptis

190 1623 346 1670 contractos
365 1612 414 1666 rel
433 1619 601 1681 excerptos:
634 1609 712 1680 quod
729 1609 898 1662 luculenter
916 1609 1108 1662 continuetur
1127 1609 1214 1662 Plinii
1234 1609 1422 1673 auctoritate,

191 1689 243 1758 qui
261 1689 322 1741 eius
341 1685 507 1739 testimonio
526 1685 695 1753 frequenter
712 1690 799 1750 etque
818 1681 858 1734 ita
877 1681 993 1750 quidem
1009 1681 1039 1733 in
1055 1683 1090 1734 tt.
1106 1683 1142 1736 N.
1163 1683 1266 1744 utitur,
1284 1690 1318 1732 ut
1337 1691 1424 1734 certo

192 1761 334 1834 colliges,
354 1775 401 1812 res
419 1756 575 1810 admodum
596 1756 691 1808 vsrias
710 1771 814 1823 eosque
832 1754 919 1824 plene
938 1753 1046 1806 diversi
1061 1755 1229 1829 argumenti
1248 1753 1280 1804 in
1299 1754 1424 1823 scriptis

193 1835 253 1888 eius
273 1838 409 1885 tractatas
428 1830 545 1883 fuisse.”
572 1829 616 1882 Os.
656 1830 687 1882 in
712 1826 841 1880 Mutiano
869 1825 1092 1889 contrahuntur,
1122 1836 1154 1880 est
1173 1831 1231 1880 iam
1251 1825 1294 1879 ed.
1315 1843 1365 1894 pr.
1387 1855 1425 1866 -

191 1911 324 1960 Actorum
347 1906 441 1962 libris,
461 1920 488 1954 v.
509 1901 544 1954 ed
562 1900 637 1954 Ann.
657 1905 694 1964 3,
714 1903 739 1955 3.
768 1907 797 1954 et
815 1899 999 1954 Prooemium
1019 1907 1153 1954 nostrum
1172 1900 1204 1952 in
1223 1897 1287 1951 Vol.
1309 1899 1332 1950 1.

262 1982 288 2035 2.
328 1977 440 2047 ingenio
464 1992 567 2045 quoquc
594 1981 620 2024 et
645 1977 774 2026 oratione
801 1973 925 2026 valuisse
949 1973 996 2026 Cn.
1017 1971 1174 2042 Pompeium
1192 1973 1345 2046 lingnam,
1382 1969 1424 2038 (v.

192 2053 251 2106 Cic.
273 2049 413 2124 prolege
434 2049 508 2100 blorr.
530 2049 572 2100 11.
592 2063 620 2115 p.
647 2044 733 2098 Balbo
753 2049 778 2099 1.
798 2043 834 2097 ad
855 2045 911 2097 Att.
931 2049 967 2108 7,
988 2049 1030 2100 17.
1052 2046 1129 2116 inpr.
1156 2045 1236 2097 Brut.
1257 2047 1301 2100 66.
1321 2045 1361 2099 68
1381 2059 1424 2111 sq.

192 2122 313 2192 Quintil.
335 2127 383 2188 11,
405 2125 436 2186 1,
457 2121 516 2184 36.)
551 2117 588 2170 Μ.
609 2119 738 2171 Crassum
765 2117 970 2181 triumvirum,
998 2120 1039 2182 (v.
1060 2117 1122 2172 Cic.
1143 2117 1223 2170 Brut.
1242 2119 1287 2172 61.
1308 2119 1355 2172 65.
1379 2119 1425 2171 66.

191 2215 218 2269 p.
239 2195 326 2248 Balbo
340 2198 365 2250 7.
385 2211 413 2262 p.
433 2193 506 2244 Mur.
526 2193 570 2247 23.
592 2207 636 2260 ep.
648 2190 683 2242 sol
703 2191 761 2243 div.
784 2196 809 2256 1,
831 2189 868 2257 1.)
887 2190 1027 2252 Lentulos,
1043 2190 1179 2258 equibus
1197 2190 1346 2244 notissimi
1370 2189 1424 2242 Cn.

192 2269 278 2322 (lom.
299 2265 439 2320 Lentulus
458 2261 615 2317 Clodianus
641 2279 696 2316 cos.
718 2281 741 2315 s.
762 2265 795 2317 U.
817 2265 880 2318 681.
901 2280 967 2315 cum
988 2265 1019 2315 L.
1041 2263 1160 2328 Gellio,
1190 2271 1229 2324 (v.
1252 2263 1313 2316 Cic.
1335 2262 1424 2314 Brut.

191 2347 235 2398 61.
255 2344 313 2401 66.)
351 2339 403 2392 Cn.
424 2335 565 2390 Lentulus
584 2335 772 2388 Marcellinus
792 2352 847 2389 cos.
868 2353 892 2388 o.
913 2336 948 2388 U.
968 2339 1029 2392 698.
1050 2339 1089 2403 (v.
1110 2335 1169 2390 cic.
1190 2337 1270 2388 Brut.
1290 2337 1350 2398 70.)
1392 2336 1425 2386 L.

192 2415 278 2468 Corn.
298 2411 441 2465 Lentulus
460 2427 516 2464 cos.
537 2428 561 2462 s.
583 2409 617 2462 U.
638 2411 699 2464 597.
721 2407 795 2476 (Cic.
816 2409 895 2460 Brut.
915 2410 973 2471 20.)
1002 2409 1034 2461 L.
1062 2409 1204 2462 Lentulus
1223 2408 1296 2462 Crus
1315 2425 1376 2460 cos.
1400 2427 1425 2458 s.

191 2489 225 2540 U.
246 2489 307 2542 701.
328 2487 365 2546 (v.
388 2483 449 2536 cic.
468 2481 548 2534 Brut.
568 2482 626 2548 77.)
664 2481 692 2534 Ρ.
714 2480 873 2546 Lentulus,
904 2481 1041 2551 princeps
1069 2491 1182 2536 senatus
1211 2490 1239 2536 et
1259 2497 1316 2534 cos.
1336 2499 1365 2532 a.
1389 2481 1426 2534 U.

163 2573 164 2576 ’
191 2564 253 2616 591.
275 2553 628 2624 (monmutensi.
650 2553 762 2617 1,18.)
793 2555 820 2604 Ρ.
842 2553 982 2605 Lentulus
1002 2555 1089 2620 Sura,
1120 2571 1176 2608 cos.
1203 2573 1227 2607 a.
1247 2556 1309 2610 682.
1346 2553 1426 2618 (Cic.

191 2633 271 2684 Brut.
291 2633 335 2686 61.
355 2629 413 2695 ot.)
439 2628 468 2680 P.
495 2627 635 2680 Lentulus
662 2623 805 2694 Spinther
832 2625 905 2688 (Cio.
931 2625 1012 2678 Brut.
1037 2631 1097 2691 77.)
1123 2635 1152 2681 et
1177 2627 1333 2689 Lentulus,
1370 2626 1426 2694 qui

192 2703 359 2758 laudatura
380 2699 438 2754 cic.
459 2699 494 2752 de
512 2698 575 2751 hor.
596 2715 670 2767 resp.
692 2703 734 2752 17.
782 2698 906 2751 Marcum
937 2700 1067 2753 Croesum
1092 2699 1155 2754 sod.
1180 2709 1237 2752 vet.
1264 2699 1342 2768 Lips.
1371 2700 1426 2751 Dr.

193 2779 237 2831 Os.
275 2773 432 2842 „Eundem
460 2789 544 2824 usum
568 2771 720 2838 antiquum
746 2770 833 2824 etiem
854 2788 913 2824 esse
933 2771 1046 2826 videbis
1065 2790 1100 2824 ex
1118 2773 1251 2842 inscript.
1272 2771 1346 2824 meis
1368 2772 1428 2824 Le·

192 2849 265 2902 tinis
284 2848 348 2901 Vol.
368 2847 390 2899 l.
411 2846 447 2898 Ν.
467 2847 547 2900 2706.
567 2845 665 2899 2707.”
686 2845 758 2896 Orel.
778 2871 815 2882 ·-
848 2844 984 2905 Metellos,
1003 2845 1042 2911 Ω.
1064 2845 1215 2898 Metellum
1235 2861 1289 2898 cos.
1310 2862 1334 2896 a.
1357 2849 1426 2898 517.

191 2924 232 2983 (r.
253 2921 326 2973 Plin.
346 2923 382 2982 7,
402 2916 459 2985 13.)
494 2916 525 2983 Q.
546 2915 708 2969 Caecilium
728 2916 878 2969 lletelium
898 2917 1120 2970 Macedonicum
1141 2933 1197 2970 cos.
1217 2936 1241 2970 ιι.
1261 2921 1324 2972 611.
1346 2917 1426 2984 (Cic.

191 2992 272 3046 Brut.
292 2995 336 3046 21.
356 2993 400 3046 56.
420 2989 454 3042 de
474 3005 515 3042 or.
536 2991 646 3054 1,18.)
684 2987 714 3053 Q.
743 2987 824 3042 Coeo.
852 2989 1001 3042 Metellum
1021 2990 1210 3043 Numidicum
1232 3005 1287 3043 cos.
1310 3007 1333 3040 a.
1358 2993 1427 3044 615.

191 3061 441 3130 retornatas.)
468 3061 498 3127 Q.
519 3061 668 3114 Metellum
688 3059 836 3128 Celerem,
857 3061 931 3122 (cic.
954 3061 1033 3114 Brut.
1054 3065 1112 3126 89.)
1140 3063 1170 3128 Q.
1191 3063 1341 3114 Metellum
1368 3063 1428 3114 Ce-

171 3139 303 3200 .lerem,
323 3136 405 3187 illius
423 3133 535 3194 filium,
556 3150 612 3187 cos.
633 3151 656 3185 ιι.
678 3137 740 3190 693.
761 3133 834 3198 (Cio.
856 3133 935 3185 Brut.
957 3137 1016 3198 70.)
1041 3133 1072 3200 Q.
1094 3134 1243 3189 Metellum
1264 3137 1427 3204 Nepotem.

192 3209 265 3274 (Cic.
286 3207 364 3260 Brut.
385 3209 428 3262 78.
449 3205 485 3258 sd
504 3205 561 3258 dir.
582 3209 615 3270 5,
637 3210 660 3259 1.
681 3209 721 3270 2.)
742 3237 773 3247 -
794 3207 940 3268 Lucullos,
961 3206 993 3258 L.
1014 3207 1162 3260 Licinium
1181 3205 1340 3260 Lucullum
1364 3224 1426 3260 cos.

192 3301 216 3335 s.
238 3284 301 3338 602.
324 3279 395 3346 (Cic.
415 3279 494 3331 Brut.
514 3281 573 3333 21.)
598 3279 630 3331 L.
652 3278 809 3331 Lucullum
830 3295 884 3331 cos.
906 3297 930 3330 o.
951 3281 1012 3335 679.
1034 3279 1107 3340 (cic.
1127 3280 1207 3331 Brut.
1227 3282 1285 3344 62.)
1306 3281 1342 3331 Μ.
1366 3281 1428 3332 Tc·

192 3360 321 3408 rentium
345 3353 506 3405 Varronem
529 3351 686 3402 Lucullum
712 3367 769 3404 cos.
796 3369 820 3404 (ι.
840 3354 901 3407 680.
932 3350 1006 3414 (Cic.
1027 3351 1107 3404 Brut.
1127 3356 1185 3415 62.)
1203 3381 1239 3392 -
1276 3353 1429 3412 Curiones,

192 3427 223 3482 G.
243 3425 399 3480 Curionem
418 3430 509 3494 praet.
530 3441 553 3476 n.
574 3427 634 3479 632.
658 3423 732 3484 (cic.
752 3423 831 3476 Brut.
852 3426 909 3484 32.)
932 3423 962 3476 C.
976 3424 1164 3478 Scribonium
1181 3423 1339 3478 Curionem
1362 3443 1426 3478 cos.

191 3519 216 3552 s.
237 3503 299 3556 677.
319 3498 392 3560 (Cio.
413 3495 493 3548 Brut.
513 3499 557 3551 19.
578 3499 706 3551 58-61.
727 3495 762 3548 de
782 3511 823 3549 or.
843 3499 870 3555 2,
890 3499 947 3553 23.)
968 3496 998 3549 C.
1015 3497 1172 3550 Curionem
1191 3497 1259 3548 trib.
1276 3499 1318 3568 pl.
1342 3499 1426 3562 (Cic.

190 3571 271 3624 Brut.
291 3574 335 3626 81.
356 3569 391 3623 ud
411 3569 468 3621 div.
488 3571 522 3635 2,
543 3573 584 3623 13.
604 3572 638 3635 8,
658 3572 683 3624 t.
703 3571 730 3624 6.
750 3571 775 3624 8.
798 3573 839 3622 10.
860 3571 918 3628 11.)
936 3597 972 3608 -
1006 3569 1136 3637 splendor
1153 3587 1244 3623 rerum
1266 3587 1361 3640 paene
1383 3571 1426 3622 id.

191 3643 240 3714 qd.
266 3643 430 3716 magnitudo
449 3659 595 3694 causarum
614 3649 643 3695 et
661 3641 815 3708 amplitudo
840 3659 938 3694 rerum.
973 3643 1104 3711 splendor
1130 3660 1238 3695 reorum
1266 3647 1313 3705 (ut
1343 3661 1430 3695 occu-

190 3721 310 3770 sotiones
327 3719 483 3784 potentium
502 3731 609 3766 reorum
628 3731 652 3766 o.
671 3717 729 3777 36.)
750 3711 825 3767 MSS.
846 3715 907 3767 Vct.
929 3714 972 3768 ed.
994 3714 1073 3768 Seeb.
1094 3714 1145 3767 Dr.
1166 3715 1211 3768 Os.
1247 3715 1328 3780 „Sed
1348 3715 1382 3768 h.
1404 3717 1427 3768 l.

190 3797 261 3859 puto
280 3805 443 3872 sennonem
463 3805 523 3841 esse
541 3787 643 3871 potius·
657 3787 692 3840 de
716 3786 793 3839 rebus
815 3788 966 3852 universe,
1000 3805 1074 3856 quse
1098 3787 1428 3847 nsctsbsnmr.libem

189 3860 299 3986 {illl
301 3859 1265 4000 1;;1;.3ἒ.ἒ“ἓῖ..ῖῖξὲζῑ“1ῖ11.”1113111..(11.3ἰὲ111οὶ1.
1278 3861 1428 4002 “Juiiil

189 4009 293 4058 rincum
312 4007 478 4075 eloquentiae
491 4011 652 4076 praestant,
677 4012 709 4057 ut
728 4005 816 4073 poulo
838 4014 903 4074 post
923 4010 1062 4077 ingentem
1080 4009 1250 4078 eloquentiae
1268 4011 1428 4062 materians

188 4079 444 4132 subministrabant.

259 4156 284 4208 9.
323 4151 353 4202 de
365 4148 450 4218 furto
469 4155 519 4202 out
530 4146 659 4216 formula
686 4156 713 4200 et
731 4151 899 4212 interdicto,
937 4169 964 4204 v.
993 4151 1028 4204 sd
1058 4167 1119 4220 cop.
1139 4153 1184 4206 20.
1213 4169 1241 4203 ιι
1264 4155 1295 4206 1.Δ
1328 4151 1428 4204 Inter·

187 4223 291 4276 dictum
319 4230 360 4276 est
389 4222 537 4276 decretum
563 4221 706 4289 praetoris
734 4221 821 4275 certis
839 4223 975 4276 formulis
995 4231 1187 4292 conceptum,
1224 4241 1282 4293 quo
1301 4223 1426 4293 aliquid

189 4294 268 4350 iubet
286 4295 334 4350 vel
353 4301 440 4356 vetat,
461 4293 492 4346 in
511 4293 617 4362 primis
636 4293 667 4344 in
684 4296 889 4349 controversiis
908 4295 943 4350 de
962 4295 1202 4366 possessionibus,
1223 4313 1315 4365 quum
1336 4315 1423 4362 eum,

179 4367 237 4435 ¹crisi
257 4385 292 4422 ex
310 4367 407 4436 aliquo
427 4368 491 4420 loco
511 4365 639 4420 deiectus
661 4373 716 4430 est,
749 4367 779 4419 in
798 4367 923 4422 fundum
943 4369 1082 4423 veihona
1102 4369 1219 4423 restitui
1239 4369 1335 4436 iuhet,
1365 4371 1425 4424 do·-
