<?xml version="1.0" encoding="UTF-8"?>
<!DOCTYPE html PUBLIC "-//W3C//DTD XHTML 1.0 Transitional//EN"
    "http://www.w3.org/TR/xhtml1/DTD/xhtml1-transitional.dtd">
<html xmlns="http://www.w3.org/1999/xhtml" xml:lang="en" lang="en">
 <head>
  <title>
</title>
<meta http-equiv="Content-Type" content="text/html;charset=utf-8" />
  <meta name='ocr-system' content='tesseract 3.04.00' />
  <meta name='ocr-capabilities' content='ocr_page ocr_carea ocr_par ocr_line ocrx_word'/>
</head>
<body>
  <div class='ocr_page' id='page_1' title='image "./ccorneliitaciti27tacigoog/ccorneliitaciti27tacigoog_0456.png"; bbox 0 0 2756 4792; ppageno 0'>
   <div class='ocr_carea' id='block_1_1' title="bbox 257 115 1198 214">
    <p class='ocr_par' dir='ltr' id='par_1_1' title="bbox 257 115 1198 214">
     <span class='ocr_line' id='line_1_1' title="bbox 257 115 1198 214; baseline -0.01 1"><span class='ocrx_word' id='word_1_1' title='bbox 257 191 261 198; x_wconf 82' lang='lat'><em>-</em></span> <span class='ocrx_word' id='word_1_2' title='bbox 342 115 485 214; x_wconf 71' lang='lat' dir='ltr'><strong>cucur</strong></span> <span class='ocrx_word' id='word_1_3' title='bbox 505 147 647 212; x_wconf 90' lang='lat' dir='ltr'><strong>xxxv.</strong></span> <span class='ocrx_word' id='word_1_4' title='bbox 670 143 829 212; x_wconf 90' lang='lat' dir='ltr'><strong>xxxv1.</strong></span> <span class='ocrx_word' id='word_1_5' title='bbox 1138 134 1198 206; x_wconf 79' lang='lat' dir='ltr'><strong>stc</strong></span> 
     </span>
    </p>
   </div>
   <div class='ocr_carea' id='block_1_2' title="bbox 5 312 1283 2857">
    <p class='ocr_par' dir='ltr' id='par_1_2' title="bbox 5 312 1283 2857">
     <span class='ocr_line' id='line_1_2' title="bbox 34 312 1201 390; baseline -0.003 -20"><span class='ocrx_word' id='word_1_6' title='bbox 34 320 58 372; x_wconf 89' lang='lat' dir='ltr'><strong>tic</strong></span> <span class='ocrx_word' id='word_1_7' title='bbox 71 333 189 384; x_wconf 74' lang='lat' dir='ltr'><strong>mucoso,</strong></span> <span class='ocrx_word' id='word_1_8' title='bbox 227 336 262 370; x_wconf 89' lang='lat' dir='ltr'><strong>ac</strong></span> <span class='ocrx_word' id='word_1_9' title='bbox 287 317 405 389; x_wconf 89' lang='lat' dir='ltr'><strong>publice</strong></span> <span class='ocrx_word' id='word_1_10' title='bbox 430 317 526 370; x_wconf 86' lang='lat' dir='ltr'><strong>omnia</strong></span> <span class='ocrx_word' id='word_1_11' title='bbox 544 314 721 390; x_wconf 74' lang='lat' dir='ltr'><strong>agebantur,</strong></span> <span class='ocrx_word' id='word_1_12' title='bbox 752 323 785 366; x_wconf 91' lang='lat' dir='ltr'><strong>ut</strong></span> <span class='ocrx_word' id='word_1_13' title='bbox 811 312 949 368; x_wconf 86' lang='lat' dir='ltr'><strong>certantis</strong></span> <span class='ocrx_word' id='word_1_14' title='bbox 974 313 1079 385; x_wconf 88' lang='lat' dir='ltr'><strong>populi</strong></span> <span class='ocrx_word' id='word_1_15' title='bbox 1108 313 1201 367; x_wconf 86' lang='lat' dir='ltr'><strong>studia</strong></span> 
     </span>
     <span class='ocr_line' id='line_1_3' title="bbox 35 383 1202 457; baseline -0.002 -15"><span class='ocrx_word' id='word_1_16' title='bbox 35 392 132 444; x_wconf 72' lang='lat' dir='ltr'>dicentem</span> <span class='ocrx_word' id='word_1_17' title='bbox 154 391 276 446; x_wconf 73' lang='lat' dir='ltr'><strong>susanne</strong></span> <span class='ocrx_word' id='word_1_18' title='bbox 302 391 394 449; x_wconf 73' lang='lat' dir='ltr'><strong>,etiam</strong></span> <span class='ocrx_word' id='word_1_19' title='bbox 421 390 582 450; x_wconf 75' lang='lat' dir='ltr'><strong>excitarent</strong></span> <span class='ocrx_word' id='word_1_20' title='bbox 606 387 863 457; x_wconf 84' lang='lat' dir='ltr'><strong>incenderentque.</strong></span> <span class='ocrx_word' id='word_1_21' title='bbox 889 415 927 428; x_wconf 87' lang='lat'><em>-</em></span> <span class='ocrx_word' id='word_1_22' title='bbox 963 387 1020 442; x_wconf 85' lang='lat' dir='ltr'><strong>Sed</strong></span> <span class='ocrx_word' id='word_1_23' title='bbox 1051 387 1109 442; x_wconf 89' lang='lat' dir='ltr'><strong>hoo</strong></span> <span class='ocrx_word' id='word_1_24' title='bbox 1127 383 1202 442; x_wconf 56' lang='lat' dir='ltr'><strong>‘loco</strong></span> 
     </span>
     <span class='ocr_line' id='line_1_4' title="bbox 31 459 1203 532; baseline 0 -18"><span class='ocrx_word' id='word_1_25' title='bbox 31 467 78 532; x_wconf 83' lang='lat' dir='ltr'><strong>[cap.</strong></span> <span class='ocrx_word' id='word_1_26' title='bbox 92 464 137 528; x_wconf 83' lang='lat' dir='ltr'><strong>tc.)</strong></span> <span class='ocrx_word' id='word_1_27' title='bbox 158 463 248 516; x_wconf 87' lang='lat' dir='ltr'><strong>altera</strong></span> <span class='ocrx_word' id='word_1_28' title='bbox 271 463 327 516; x_wconf 89' lang='lat' dir='ltr'><strong>illa</strong></span> <span class='ocrx_word' id='word_1_29' title='bbox 353 463 458 516; x_wconf 89' lang='lat' dir='ltr'><strong>lacuna</strong></span> <span class='ocrx_word' id='word_1_30' title='bbox 483 461 573 515; x_wconf 85' lang='lat' dir='ltr'><strong>finem</strong></span> <span class='ocrx_word' id='word_1_31' title='bbox 592 459 678 514; x_wconf 91' lang='lat' dir='ltr'><strong>huius</strong></span> <span class='ocrx_word' id='word_1_32' title='bbox 697 461 837 514; x_wconf 85' lang='lat' dir='ltr'><strong>sermonis</strong></span> <span class='ocrx_word' id='word_1_33' title='bbox 855 461 938 514; x_wconf 84' lang='lat' dir='ltr'><strong>nobis</strong></span> <span class='ocrx_word' id='word_1_34' title='bbox 956 460 1089 527; x_wconf 75' lang='lat' dir='ltr'><strong>abstulit,</strong></span> <span class='ocrx_word' id='word_1_35' title='bbox 1125 478 1203 527; x_wconf 77' lang='lat' dir='ltr'><strong>mm,</strong></span> 
     </span>
     <span class='ocr_line' id='line_1_5' title="bbox 32 533 1204 606; baseline 0 -22"><span class='ocrx_word' id='word_1_36' title='bbox 32 553 78 602; x_wconf 80' lang='lat' dir='ltr'><strong>quae</strong></span> <span class='ocrx_word' id='word_1_37' title='bbox 92 545 248 606; x_wconf 83' lang='lat' dir='ltr'><strong>sequuntur,</strong></span> <span class='ocrx_word' id='word_1_38' title='bbox 267 536 355 606; x_wconf 88' lang='lat' dir='ltr'><strong>plane</strong></span> <span class='ocrx_word' id='word_1_39' title='bbox 374 535 448 587; x_wconf 89' lang='lat' dir='ltr'><strong>alius</strong></span> <span class='ocrx_word' id='word_1_40' title='bbox 468 541 535 588; x_wconf 86' lang='lat' dir='ltr'><strong>sunt</strong></span> <span class='ocrx_word' id='word_1_41' title='bbox 553 533 790 598; x_wconf 90' lang='lat' dir='ltr'><strong>interlocutoris,</strong></span> <span class='ocrx_word' id='word_1_42' title='bbox 810 541 839 588; x_wconf 91' lang='lat' dir='ltr'><strong>ct</strong></span> <span class='ocrx_word' id='word_1_43' title='bbox 856 535 981 588; x_wconf 82' lang='lat' dir='ltr'><strong>Materni</strong></span> <span class='ocrx_word' id='word_1_44' title='bbox 999 534 1133 603; x_wconf 88' lang='lat' dir='ltr'><strong>quidem,</strong></span> <span class='ocrx_word' id='word_1_45' title='bbox 1154 533 1204 604; x_wconf 91' lang='lat' dir='ltr'><strong>qui</strong></span> 
     </span>
     <span class='ocr_line' id='line_1_6' title="bbox 30 605 1206 683; baseline 0.003 -26"><span class='ocrx_word' id='word_1_46' title='bbox 30 608 111 660; x_wconf 85' lang='lat' dir='ltr'><strong>tertium</strong></span> <span class='ocrx_word' id='word_1_47' title='bbox 127 607 196 661; x_wconf 90' lang='lat' dir='ltr'><strong>illud</strong></span> <span class='ocrx_word' id='word_1_48' title='bbox 214 607 341 662; x_wconf 85' lang='lat' dir='ltr'>Secundi</span> <span class='ocrx_word' id='word_1_49' title='bbox 363 614 566 683; x_wconf 81' lang='lat' dir='ltr'><strong>argumentum</strong></span> <span class='ocrx_word' id='word_1_50' title='bbox 596 605 702 660; x_wconf 83' lang='lat' dir='ltr'><strong>callide</strong></span> <span class='ocrx_word' id='word_1_51' title='bbox 728 606 875 676; x_wconf 81' lang='lat' dir='ltr'><strong>excipiens</strong></span> <span class='ocrx_word' id='word_1_52' title='bbox 900 606 1094 673; x_wconf 87' lang='lat' dir='ltr'><strong>demonstrat,</strong></span> <span class='ocrx_word' id='word_1_53' title='bbox 1129 624 1206 660; x_wconf 87' lang='lat' dir='ltr'><strong>sum·</strong></span> 
     </span>
     <span class='ocr_line' id='line_1_7' title="bbox 29 678 1207 750; baseline 0.002 -20"><span class='ocrx_word' id='word_1_54' title='bbox 29 698 79 731; x_wconf 87' lang='lat' dir='ltr'><strong>nan</strong></span> <span class='ocrx_word' id='word_1_55' title='bbox 93 681 159 734; x_wconf 87' lang='lat' dir='ltr'><strong>illam</strong></span> <span class='ocrx_word' id='word_1_56' title='bbox 178 681 393 750; x_wconf 87' lang='lat' dir='ltr'><strong>eloquentiam,</strong></span> <span class='ocrx_word' id='word_1_57' title='bbox 420 697 506 750; x_wconf 90' lang='lat' dir='ltr'><strong>quam</strong></span> <span class='ocrx_word' id='word_1_58' title='bbox 524 681 671 732; x_wconf 80' lang='lat' dir='ltr'><strong>mirentur</strong></span> <span class='ocrx_word' id='word_1_59' title='bbox 688 678 924 749; x_wconf 79' lang='lat' dir='ltr'><strong>desiderentque,</strong></span> <span class='ocrx_word' id='word_1_60' title='bbox 951 679 1098 734; x_wconf 88' lang='lat' dir='ltr'><strong>alumnam</strong></span> <span class='ocrx_word' id='word_1_61' title='bbox 1116 679 1207 732; x_wconf 85' lang='lat' dir='ltr'><strong>fuisse</strong></span> 
     </span>
     <span class='ocr_line' id='line_1_8' title="bbox 30 751 1207 822; baseline 0.003 -20"><span class='ocrx_word' id='word_1_62' title='bbox 30 751 138 816; x_wconf 80' lang='lat' dir='ltr'><strong>licentiae,</strong></span> <span class='ocrx_word' id='word_1_63' title='bbox 163 771 247 822; x_wconf 85' lang='lat' dir='ltr'><strong>quam</strong></span> <span class='ocrx_word' id='word_1_64' title='bbox 265 754 349 806; x_wconf 85' lang='lat' dir='ltr'><strong>stulti</strong></span> <span class='ocrx_word' id='word_1_65' title='bbox 368 755 523 806; x_wconf 79' lang='lat' dir='ltr'><strong>libertatem</strong></span> <span class='ocrx_word' id='word_1_66' title='bbox 541 759 656 806; x_wconf 80' lang='lat' dir='ltr'><strong>vocent.</strong></span> <span class='ocrx_word' id='word_1_67' title='bbox 696 753 732 804; x_wconf 93' lang='lat' dir='ltr'><strong>lu</strong></span> <span class='ocrx_word' id='word_1_68' title='bbox 756 751 829 806; x_wconf 89' lang='lat' dir='ltr'><strong>bene</strong></span> <span class='ocrx_word' id='word_1_69' title='bbox 848 751 987 806; x_wconf 87' lang='lat' dir='ltr'><strong>ordinatis</strong></span> <span class='ocrx_word' id='word_1_70' title='bbox 1007 753 1207 821; x_wconf 80' lang='lat' dir='ltr'><strong>institutisque</strong></span> 
     </span>
     <span class='ocr_line' id='line_1_9' title="bbox 26 823 1208 900; baseline 0 -24"><span class='ocrx_word' id='word_1_71' title='bbox 26 825 244 880; x_wconf 63' lang='lat' dir='ltr'><strong>temeritatibus</strong></span> <span class='ocrx_word' id='word_1_72' title='bbox 263 826 421 880; x_wconf 77' lang='lat' dir='ltr'><strong>valentiori</strong></span> <span class='ocrx_word' id='word_1_73' title='bbox 446 826 499 878; x_wconf 92' lang='lat' dir='ltr'><strong>illa</strong></span> <span class='ocrx_word' id='word_1_74' title='bbox 522 825 689 894; x_wconf 87' lang='lat' dir='ltr'><strong>eloquentia</strong></span> <span class='ocrx_word' id='word_1_75' title='bbox 713 840 784 894; x_wconf 87' lang='lat' dir='ltr'><strong>opus</strong></span> <span class='ocrx_word' id='word_1_76' title='bbox 807 841 866 900; x_wconf 82' lang='lat' dir='ltr'><strong>non</strong></span> <span class='ocrx_word' id='word_1_77' title='bbox 891 842 969 892; x_wconf 91' lang='lat' dir='ltr'><strong>esse,</strong></span> <span class='ocrx_word' id='word_1_78' title='bbox 1005 841 1097 894; x_wconf 88' lang='lat' dir='ltr'><strong>quum</strong></span> <span class='ocrx_word' id='word_1_79' title='bbox 1121 823 1208 878; x_wconf 88' lang='lat' dir='ltr'><strong>disci·</strong></span> 
     </span>
     <span class='ocr_line' id='line_1_10' title="bbox 28 897 1208 974; baseline 0.003 -26"><span class='ocrx_word' id='word_1_80' title='bbox 28 897 81 964; x_wconf 83' lang='lat' dir='ltr'><strong>plina</strong></span> <span class='ocrx_word' id='word_1_81' title='bbox 96 899 125 950; x_wconf 93' lang='lat' dir='ltr'><strong>sit</strong></span> <span class='ocrx_word' id='word_1_82' title='bbox 140 899 316 954; x_wconf 75' lang='lat' dir='ltr'><strong>severissima</strong></span> <span class='ocrx_word' id='word_1_83' title='bbox 331 900 470 974; x_wconf 71' lang='lat' dir='ltr'><strong>legesque</strong></span> <span class='ocrx_word' id='word_1_84' title='bbox 489 897 692 953; x_wconf 73' lang='lat' dir='ltr'><strong>smctissimee.</strong></span> <span class='ocrx_word' id='word_1_85' title='bbox 735 897 774 952; x_wconf 92' lang='lat' dir='ltr'><strong>Ut</strong></span> <span class='ocrx_word' id='word_1_86' title='bbox 792 897 886 972; x_wconf 73' lang='lat' dir='ltr'><strong>igitur</strong></span> <span class='ocrx_word' id='word_1_87' title='bbox 903 915 936 951; x_wconf 92' lang='lat' dir='ltr'><strong>re</strong></span> <span class='ocrx_word' id='word_1_88' title='bbox 953 898 1072 968; x_wconf 84' lang='lat' dir='ltr'><strong>publica</strong></span> <span class='ocrx_word' id='word_1_89' title='bbox 1091 905 1208 952; x_wconf 80' lang='lat' dir='ltr'><strong>errante</strong></span> 
     </span>
     <span class='ocr_line' id='line_1_11' title="bbox 27 970 1209 1046; baseline 0.003 -26"><span class='ocrx_word' id='word_1_90' title='bbox 27 987 49 1020; x_wconf 82' lang='lat' dir='ltr'><strong>ac</strong></span> <span class='ocrx_word' id='word_1_91' title='bbox 61 970 255 1026; x_wconf 78' lang='lat' dir='ltr'><strong>dissensimibus</strong></span> <span class='ocrx_word' id='word_1_92' title='bbox 274 972 482 1041; x_wconf 84' lang='lat' dir='ltr'><strong>discordiisque</strong></span> <span class='ocrx_word' id='word_1_93' title='bbox 502 973 634 1042; x_wconf 79' lang='lat' dir='ltr'><strong>confecta</strong></span> <span class='ocrx_word' id='word_1_94' title='bbox 653 970 820 1040; x_wconf 84' lang='lat' dir='ltr'><strong>eloquentia</strong></span> <span class='ocrx_word' id='word_1_95' title='bbox 838 971 892 1026; x_wconf 84' lang='lat' dir='ltr'><strong>illa</strong></span> <span class='ocrx_word' id='word_1_96' title='bbox 915 972 1064 1046; x_wconf 70' lang='lat' dir='ltr'><strong>vignerits</strong></span> <span class='ocrx_word' id='word_1_97' title='bbox 1092 973 1134 1024; x_wconf 87' lang='lat' dir='ltr'><strong>ita</strong></span> <span class='ocrx_word' id='word_1_98' title='bbox 1161 985 1209 1024; x_wconf 83' lang='lat' dir='ltr'><strong>or·</strong></span> 
     </span>
     <span class='ocr_line' id='line_1_12' title="bbox 26 1041 1210 1120; baseline 0.003 -28"><span class='ocrx_word' id='word_1_99' title='bbox 26 1041 92 1095; x_wconf 79' lang='lat' dir='ltr'><strong>dicata</strong></span> <span class='ocrx_word' id='word_1_100' title='bbox 109 1052 133 1096; x_wconf 89' lang='lat' dir='ltr'><strong>et</strong></span> <span class='ocrx_word' id='word_1_101' title='bbox 149 1044 305 1116; x_wconf 86' lang='lat' dir='ltr'><strong>composita</strong></span> <span class='ocrx_word' id='word_1_102' title='bbox 323 1063 356 1098; x_wconf 87' lang='lat' dir='ltr'><strong>re</strong></span> <span class='ocrx_word' id='word_1_103' title='bbox 374 1044 510 1114; x_wconf 87' lang='lat' dir='ltr'><strong>publica,</strong></span> <span class='ocrx_word' id='word_1_104' title='bbox 545 1061 636 1114; x_wconf 90' lang='lat' dir='ltr'><strong>quum</strong></span> <span class='ocrx_word' id='word_1_105' title='bbox 663 1043 896 1114; x_wconf 85' lang='lat' dir='ltr'><strong>sapientissimus</strong></span> <span class='ocrx_word' id='word_1_106' title='bbox 916 1052 945 1097; x_wconf 89' lang='lat' dir='ltr'><strong>et</strong></span> <span class='ocrx_word' id='word_1_107' title='bbox 963 1046 1045 1100; x_wconf 87' lang='lat' dir='ltr'><strong>Unus</strong></span> <span class='ocrx_word' id='word_1_108' title='bbox 1064 1045 1100 1098; x_wconf 89' lang='lat' dir='ltr'><strong>de</strong></span> <span class='ocrx_word' id='word_1_109' title='bbox 1119 1060 1210 1120; x_wconf 77' lang='lat' dir='ltr'><strong>nego-</strong></span> 
     </span>
     <span class='ocr_line' id='line_1_13' title="bbox 26 1114 1210 1188; baseline 0.008 -27"><span class='ocrx_word' id='word_1_110' title='bbox 26 1114 57 1164; x_wconf 84' lang='lat' dir='ltr'><strong>tiis</strong></span> <span class='ocrx_word' id='word_1_111' title='bbox 71 1117 182 1170; x_wconf 84' lang='lat' dir='ltr'><strong>omuibus</strong></span> <span class='ocrx_word' id='word_1_112' title='bbox 201 1117 345 1170; x_wconf 85' lang='lat' dir='ltr'><strong>deliberet</strong></span> <span class='ocrx_word' id='word_1_113' title='bbox 364 1117 509 1186; x_wconf 89' lang='lat' dir='ltr'><strong>salutique</strong></span> <span class='ocrx_word' id='word_1_114' title='bbox 528 1115 635 1168; x_wconf 88' lang='lat' dir='ltr'><strong>civium</strong></span> <span class='ocrx_word' id='word_1_115' title='bbox 654 1115 830 1186; x_wconf 88' lang='lat' dir='ltr'><strong>prospiciat,</strong></span> <span class='ocrx_word' id='word_1_116' title='bbox 861 1117 1058 1188; x_wconf 84' lang='lat' dir='ltr'><strong>eloquentiam</strong></span> <span class='ocrx_word' id='word_1_117' title='bbox 1085 1117 1210 1170; x_wconf 85' lang='lat' dir='ltr'><strong>minoris</strong></span> 
     </span>
     <span class='ocr_line' id='line_1_14' title="bbox 23 1185 1210 1262; baseline 0.003 -24"><span class='ocrx_word' id='word_1_118' title='bbox 23 1185 61 1238; x_wconf 80' lang='lat' dir='ltr'><strong>ian</strong></span> <span class='ocrx_word' id='word_1_119' title='bbox 75 1189 166 1242; x_wconf 75' lang='lat' dir='ltr'><strong>factm</strong></span> <span class='ocrx_word' id='word_1_120' title='bbox 185 1207 244 1243; x_wconf 88' lang='lat' dir='ltr'><strong>esse</strong></span> <span class='ocrx_word' id='word_1_121' title='bbox 262 1190 368 1260; x_wconf 87' lang='lat' dir='ltr'><strong>pretii,</strong></span> <span class='ocrx_word' id='word_1_122' title='bbox 404 1197 432 1242; x_wconf 90' lang='lat' dir='ltr'><strong>et</strong></span> <span class='ocrx_word' id='word_1_123' title='bbox 457 1189 535 1242; x_wconf 85' lang='lat' dir='ltr'><strong>inter</strong></span> <span class='ocrx_word' id='word_1_124' title='bbox 558 1189 725 1242; x_wconf 88' lang='lat' dir='ltr'><strong>innocentes</strong></span> <span class='ocrx_word' id='word_1_125' title='bbox 751 1188 868 1242; x_wconf 89' lang='lat' dir='ltr'><strong>demum</strong></span> <span class='ocrx_word' id='word_1_126' title='bbox 891 1189 979 1260; x_wconf 88' lang='lat' dir='ltr'><strong>plane</strong></span> <span class='ocrx_word' id='word_1_127' title='bbox 997 1207 1210 1262; x_wconf 78' lang='lat' dir='ltr'><strong>supervacuum</strong></span> 
     </span>
     <span class='ocr_line' id='line_1_15' title="bbox 24 1261 1213 1336; baseline 0.004 -27"><span class='ocrx_word' id='word_1_128' title='bbox 24 1261 220 1316; x_wconf 76' lang='lat' dir='ltr'><strong>temeratorem.</strong></span> <span class='ocrx_word' id='word_1_129' title='bbox 243 1293 275 1304; x_wconf 90' lang='lat'><em>-</em></span> <span class='ocrx_word' id='word_1_130' title='bbox 314 1261 368 1328; x_wconf 86' lang='lat' dir='ltr'><strong>Qui</strong></span> <span class='ocrx_word' id='word_1_131' title='bbox 391 1261 416 1314; x_wconf 90' lang='lat' dir='ltr'><strong>si</strong></span> <span class='ocrx_word' id='word_1_132' title='bbox 433 1279 525 1316; x_wconf 82' lang='lat' dir='ltr'><strong>nexus</strong></span> <span class='ocrx_word' id='word_1_133' title='bbox 544 1269 573 1316; x_wconf 88' lang='lat' dir='ltr'><strong>et</strong></span> <span class='ocrx_word' id='word_1_134' title='bbox 592 1261 804 1336; x_wconf 82' lang='lat' dir='ltr'><strong>cogitationum</strong></span> <span class='ocrx_word' id='word_1_135' title='bbox 824 1263 912 1316; x_wconf 88' lang='lat' dir='ltr'><strong>series</strong></span> <span class='ocrx_word' id='word_1_136' title='bbox 931 1262 1088 1317; x_wconf 76' lang='lat' dir='ltr'><strong>admodum</strong></span> <span class='ocrx_word' id='word_1_137' title='bbox 1106 1263 1213 1334; x_wconf 89' lang='lat' dir='ltr'><strong>proba-</strong></span> 
     </span>
     <span class='ocr_line' id='line_1_16' title="bbox 25 1329 1210 1406; baseline 0.007 -28"><span class='ocrx_word' id='word_1_138' title='bbox 25 1329 71 1384; x_wconf 82' lang='lat' dir='ltr'><strong>bilis</strong></span> <span class='ocrx_word' id='word_1_139' title='bbox 86 1341 134 1402; x_wconf 87' lang='lat' dir='ltr'><strong>est,</strong></span> <span class='ocrx_word' id='word_1_140' title='bbox 157 1333 234 1388; x_wconf 88' lang='lat' dir='ltr'><strong>baud</strong></span> <span class='ocrx_word' id='word_1_141' title='bbox 257 1333 299 1387; x_wconf 86' lang='lat' dir='ltr'><strong>ita</strong></span> <span class='ocrx_word' id='word_1_142' title='bbox 323 1335 418 1389; x_wconf 75' lang='lat' dir='ltr'><strong>inulta</strong></span> <span class='ocrx_word' id='word_1_143' title='bbox 442 1336 474 1386; x_wconf 86' lang='lat' dir='ltr'><strong>in</strong></span> <span class='ocrx_word' id='word_1_144' title='bbox 498 1351 587 1406; x_wconf 86' lang='lat' dir='ltr'><strong>opere</strong></span> <span class='ocrx_word' id='word_1_145' title='bbox 606 1343 707 1388; x_wconf 88' lang='lat' dir='ltr'><strong>nostro</strong></span> <span class='ocrx_word' id='word_1_146' title='bbox 725 1334 847 1404; x_wconf 87' lang='lat' dir='ltr'><strong>periisse</strong></span> <span class='ocrx_word' id='word_1_147' title='bbox 868 1333 1015 1401; x_wconf 73' lang='lat' dir='ltr'><strong>arbitror,</strong></span> <span class='ocrx_word' id='word_1_148' title='bbox 1049 1333 1210 1390; x_wconf 86' lang='lat' dir='ltr'><strong>necessaria</strong></span> 
     </span>
     <span class='ocr_line' id='line_1_17' title="bbox 21 1405 1213 1476; baseline 0.003 -20"><span class='ocrx_word' id='word_1_149' title='bbox 21 1405 74 1456; x_wconf 85' lang='lat' dir='ltr'><strong>cuin</strong></span> <span class='ocrx_word' id='word_1_150' title='bbox 91 1409 180 1462; x_wconf 87' lang='lat' dir='ltr'><strong>omnia</strong></span> <span class='ocrx_word' id='word_1_151' title='bbox 198 1408 321 1474; x_wconf 86' lang='lat' dir='ltr'><strong>adsunt,</strong></span> <span class='ocrx_word' id='word_1_152' title='bbox 357 1416 386 1460; x_wconf 92' lang='lat' dir='ltr'><strong>et</strong></span> <span class='ocrx_word' id='word_1_153' title='bbox 405 1424 437 1462; x_wconf 85' lang='lat' dir='ltr'><strong>ea</strong></span> <span class='ocrx_word' id='word_1_154' title='bbox 455 1415 570 1460; x_wconf 84' lang='lat' dir='ltr'><strong>tantum</strong></span> <span class='ocrx_word' id='word_1_155' title='bbox 589 1407 808 1471; x_wconf 84' lang='lat' dir='ltr'><strong>desiderantur,</strong></span> <span class='ocrx_word' id='word_1_156' title='bbox 842 1407 944 1476; x_wconf 89' lang='lat' dir='ltr'><strong>quibus</strong></span> <span class='ocrx_word' id='word_1_157' title='bbox 963 1408 1099 1461; x_wconf 82' lang='lat' dir='ltr'><strong>Messalae</strong></span> <span class='ocrx_word' id='word_1_158' title='bbox 1120 1407 1213 1461; x_wconf 91' lang='lat' dir='ltr'><strong>oratio</strong></span> 
     </span>
     <span class='ocr_line' id='line_1_18' title="bbox 22 1479 1214 1553; baseline 0.003 -25"><span class='ocrx_word' id='word_1_159' title='bbox 22 1491 67 1528; x_wconf 86' lang='lat' dir='ltr'><strong>cun</strong></span> <span class='ocrx_word' id='word_1_160' title='bbox 81 1479 220 1546; x_wconf 87' lang='lat' dir='ltr'><strong>Secundi,</strong></span> <span class='ocrx_word' id='word_1_161' title='bbox 256 1489 286 1534; x_wconf 89' lang='lat' dir='ltr'><strong>et</strong></span> <span class='ocrx_word' id='word_1_162' title='bbox 310 1480 437 1534; x_wconf 85' lang='lat' dir='ltr'><strong>Secundi</strong></span> <span class='ocrx_word' id='word_1_163' title='bbox 459 1497 555 1536; x_wconf 79' lang='lat' dir='ltr'><strong>senno</strong></span> <span class='ocrx_word' id='word_1_164' title='bbox 580 1496 647 1534; x_wconf 90' lang='lat' dir='ltr'><strong>cum</strong></span> <span class='ocrx_word' id='word_1_165' title='bbox 670 1479 794 1534; x_wconf 84' lang='lat' dir='ltr'><strong>Materni</strong></span> <span class='ocrx_word' id='word_1_166' title='bbox 814 1479 891 1534; x_wconf 89' lang='lat' dir='ltr'><strong>iusto</strong></span> <span class='ocrx_word' id='word_1_167' title='bbox 909 1481 1033 1534; x_wconf 78' lang='lat' dir='ltr'><strong>transitu</strong></span> <span class='ocrx_word' id='word_1_168' title='bbox 1052 1481 1214 1553; x_wconf 75' lang='lat' dir='ltr'><strong>coniunga-</strong></span> 
     </span>
     <span class='ocr_line' id='line_1_19' title="bbox 21 1549 1213 1626; baseline 0 -22"><span class='ocrx_word' id='word_1_169' title='bbox 21 1553 58 1600; x_wconf 85' lang='lat' dir='ltr'><strong>tur.</strong></span> <span class='ocrx_word' id='word_1_170' title='bbox 89 1549 178 1626; x_wconf 77' lang='lat' dir='ltr'><strong>igitur</strong></span> <span class='ocrx_word' id='word_1_171' title='bbox 196 1553 281 1606; x_wconf 89' lang='lat' dir='ltr'><strong>nulio</strong></span> <span class='ocrx_word' id='word_1_172' title='bbox 302 1552 387 1606; x_wconf 90' lang='lat' dir='ltr'><strong>modo</strong></span> <span class='ocrx_word' id='word_1_173' title='bbox 406 1553 437 1604; x_wconf 89' lang='lat' dir='ltr'><strong>in</strong></span> <span class='ocrx_word' id='word_1_174' title='bbox 456 1553 584 1606; x_wconf 86' lang='lat' dir='ltr'><strong>animum</strong></span> <span class='ocrx_word' id='word_1_175' title='bbox 603 1552 744 1606; x_wconf 85' lang='lat' dir='ltr'><strong>inducere</strong></span> <span class='ocrx_word' id='word_1_176' title='bbox 761 1569 897 1622; x_wconf 86' lang='lat' dir='ltr'><strong>possum,</strong></span> <span class='ocrx_word' id='word_1_177' title='bbox 916 1553 1078 1610; x_wconf 75' lang='lat' dir='ltr'><strong>sublimem</strong></span> <span class='ocrx_word' id='word_1_178' title='bbox 1097 1569 1159 1624; x_wconf 74' lang='lat' dir='ltr'><strong>cap</strong></span> <span class='ocrx_word' id='word_1_179' title='bbox 1168 1555 1213 1609; x_wconf 76' lang='lat'><strong>35.</strong></span> 
     </span>
     <span class='ocr_line' id='line_1_20' title="bbox 19 1623 1214 1694; baseline 0.005 -22"><span class='ocrx_word' id='word_1_180' title='bbox 19 1637 52 1672; x_wconf 77' lang='lat' dir='ltr'><strong>ses</strong></span> <span class='ocrx_word' id='word_1_181' title='bbox 66 1625 104 1693; x_wconf 83' lang='lat' dir='ltr'><strong>pla</strong></span> <span class='ocrx_word' id='word_1_182' title='bbox 126 1627 185 1678; x_wconf 83' lang='lat' dir='ltr'><strong>uias</strong></span> <span class='ocrx_word' id='word_1_183' title='bbox 206 1627 319 1690; x_wconf 87' lang='lat' dir='ltr'><strong>deesse,</strong></span> <span class='ocrx_word' id='word_1_184' title='bbox 345 1625 470 1694; x_wconf 89' lang='lat' dir='ltr'><strong>quaein</strong></span> <span class='ocrx_word' id='word_1_185' title='bbox 489 1643 547 1678; x_wconf 89' lang='lat' dir='ltr'><strong>uno</strong></span> <span class='ocrx_word' id='word_1_186' title='bbox 566 1633 680 1678; x_wconf 89' lang='lat' dir='ltr'><strong>tantum</strong></span> <span class='ocrx_word' id='word_1_187' title='bbox 700 1623 762 1678; x_wconf 89' lang='lat' dir='ltr'><strong>cod.</strong></span> <span class='ocrx_word' id='word_1_188' title='bbox 782 1626 875 1679; x_wconf 88' lang='lat' dir='ltr'><strong>Vatic.</strong></span> <span class='ocrx_word' id='word_1_189' title='bbox 896 1625 1035 1680; x_wconf 73' lang='lat' dir='ltr'><strong>excidisse</strong></span> <span class='ocrx_word' id='word_1_190' title='bbox 1056 1625 1214 1690; x_wconf 83' lang='lat' dir='ltr'><strong>dicuntur;</strong></span> 
     </span>
     <span class='ocr_line' id='line_1_21' title="bbox 20 1645 1215 1776; baseline 0.009 -35"><span class='ocrx_word' id='word_1_191' title='bbox 20 1709 57 1744; x_wconf 84' lang='lat' dir='ltr'><strong>nec</strong></span> <span class='ocrx_word' id='word_1_192' title='bbox 71 1645 217 1751; x_wconf 76' lang='lat' dir='ltr'><strong>audiendus</strong></span> <span class='ocrx_word' id='word_1_193' title='bbox 238 1706 280 1750; x_wconf 87' lang='lat' dir='ltr'><strong>est</strong></span> <span class='ocrx_word' id='word_1_194' title='bbox 297 1699 499 1764; x_wconf 85' lang='lat' dir='ltr'><strong>Heumauuus,</strong></span> <span class='ocrx_word' id='word_1_195' title='bbox 524 1699 576 1768; x_wconf 90' lang='lat' dir='ltr'><strong>qui</strong></span> <span class='ocrx_word' id='word_1_196' title='bbox 595 1697 793 1752; x_wconf 87' lang='lat' dir='ltr'><strong>recentiorum</strong></span> <span class='ocrx_word' id='word_1_197' title='bbox 813 1707 960 1752; x_wconf 89' lang='lat' dir='ltr'><strong>oratorum</strong></span> <span class='ocrx_word' id='word_1_198' title='bbox 980 1698 1146 1776; x_wconf 79' lang='lat' dir='ltr'><strong>catalog-um</strong></span> <span class='ocrx_word' id='word_1_199' title='bbox 1165 1697 1215 1752; x_wconf 88' lang='lat' dir='ltr'><strong>de·</strong></span> 
     </span>
     <span class='ocr_line' id='line_1_22' title="bbox 16 1765 1215 1842; baseline 0.007 -26"><span class='ocrx_word' id='word_1_200' title='bbox 16 1765 112 1836; x_wconf 84' lang='lat' dir='ltr'><strong>siderat,</strong></span> <span class='ocrx_word' id='word_1_201' title='bbox 130 1789 219 1840; x_wconf 90' lang='lat' dir='ltr'><strong>quem</strong></span> <span class='ocrx_word' id='word_1_202' title='bbox 240 1771 357 1823; x_wconf 79' lang='lat' dir='ltr'><strong>Messala</strong></span> <span class='ocrx_word' id='word_1_203' title='bbox 376 1787 437 1841; x_wconf 83' lang='lat' dir='ltr'><strong>cap.</strong></span> <span class='ocrx_word' id='word_1_204' title='bbox 449 1773 484 1826; x_wconf 81' lang='lat'><strong>27</strong></span> <span class='ocrx_word' id='word_1_205' title='bbox 492 1789 537 1842; x_wconf 88' lang='lat' dir='ltr'><strong>pr.</strong></span> <span class='ocrx_word' id='word_1_206' title='bbox 558 1771 742 1842; x_wconf 87' lang='lat' dir='ltr'><strong>promiserit:</strong></span> <span class='ocrx_word' id='word_1_207' title='bbox 762 1787 820 1840; x_wconf 91' lang='lat' dir='ltr'><strong>qua</strong></span> <span class='ocrx_word' id='word_1_208' title='bbox 838 1771 870 1824; x_wconf 91' lang='lat' dir='ltr'><strong>in</strong></span> <span class='ocrx_word' id='word_1_209' title='bbox 888 1788 920 1825; x_wconf 90' lang='lat' dir='ltr'><strong>re</strong></span> <span class='ocrx_word' id='word_1_210' title='bbox 939 1771 1026 1824; x_wconf 75' lang='lat' dir='ltr'><strong>salsm</strong></span> <span class='ocrx_word' id='word_1_211' title='bbox 1046 1782 1103 1836; x_wconf 89' lang='lat' dir='ltr'><strong>est,</strong></span> <span class='ocrx_word' id='word_1_212' title='bbox 1124 1789 1215 1840; x_wconf 88' lang='lat' dir='ltr'><strong>quum</strong></span> 
     </span>
     <span class='ocr_line' id='line_1_23' title="bbox 16 1842 1216 1914; baseline 0.003 -22"><span class='ocrx_word' id='word_1_213' title='bbox 16 1855 84 1907; x_wconf 78' lang='lat' dir='ltr'><strong>mque</strong></span> <span class='ocrx_word' id='word_1_214' title='bbox 102 1843 219 1897; x_wconf 78' lang='lat' dir='ltr'><strong>Messala</strong></span> <span class='ocrx_word' id='word_1_215' title='bbox 239 1843 382 1896; x_wconf 89' lang='lat' dir='ltr'><strong>eiusmodi</strong></span> <span class='ocrx_word' id='word_1_216' title='bbox 403 1843 475 1912; x_wconf 89' lang='lat' dir='ltr'><strong>quid</strong></span> <span class='ocrx_word' id='word_1_217' title='bbox 499 1842 650 1914; x_wconf 87' lang='lat' dir='ltr'><strong>pollicitus</strong></span> <span class='ocrx_word' id='word_1_218' title='bbox 675 1843 728 1910; x_wconf 91' lang='lat' dir='ltr'><strong>sit,</strong></span> <span class='ocrx_word' id='word_1_219' title='bbox 768 1849 796 1897; x_wconf 90' lang='lat' dir='ltr'><strong>et</strong></span> <span class='ocrx_word' id='word_1_220' title='bbox 822 1843 968 1898; x_wconf 86' lang='lat' dir='ltr'><strong>Maternus</strong></span> <span class='ocrx_word' id='word_1_221' title='bbox 993 1861 1058 1897; x_wconf 89' lang='lat' dir='ltr'><strong>eum</strong></span> <span class='ocrx_word' id='word_1_222' title='bbox 1078 1863 1093 1898; x_wconf 90' lang='lat' dir='ltr'><strong>a</strong></span> <span class='ocrx_word' id='word_1_223' title='bbox 1113 1861 1216 1898; x_wconf 87' lang='lat' dir='ltr'><strong>recen·</strong></span> 
     </span>
     <span class='ocr_line' id='line_1_24' title="bbox 18 1910 1283 1986; baseline 0.006 -23"><span class='ocrx_word' id='word_1_224' title='bbox 18 1910 111 1968; x_wconf 74' lang='lat' dir='ltr'><strong>tentus</strong></span> <span class='ocrx_word' id='word_1_225' title='bbox 138 1916 304 1970; x_wconf 86' lang='lat' dir='ltr'><strong>oratoribus</strong></span> <span class='ocrx_word' id='word_1_226' title='bbox 334 1915 370 1968; x_wconf 88' lang='lat' dir='ltr'><strong>ad</strong></span> <span class='ocrx_word' id='word_1_227' title='bbox 399 1933 495 1968; x_wconf 85' lang='lat' dir='ltr'><strong>causas</strong></span> <span class='ocrx_word' id='word_1_228' title='bbox 527 1924 681 1984; x_wconf 85' lang='lat' dir='ltr'><strong>corruptae</strong></span> <span class='ocrx_word' id='word_1_229' title='bbox 710 1915 786 1986; x_wconf 83' lang='lat' dir='ltr'><strong>apud</strong></span> <span class='ocrx_word' id='word_1_230' title='bbox 814 1917 992 1970; x_wconf 83' lang='lat' dir='ltr'><strong>recentiores</strong></span> <span class='ocrx_word' id='word_1_231' title='bbox 1022 1917 1215 1986; x_wconf 84' lang='lat' dir='ltr'><strong>eloquentiae,</strong></span> <span class='ocrx_word' id='word_1_232' title='bbox 1280 1936 1283 1944; x_wconf 92' lang='lat'><em>·</em></span> 
     </span>
     <span class='ocr_line' id='line_1_25' title="bbox 15 1987 1217 2060; baseline 0.004 -22"><span class='ocrx_word' id='word_1_233' title='bbox 15 1999 77 2050; x_wconf 73' lang='lat' dir='ltr'><strong>mam</strong></span> <span class='ocrx_word' id='word_1_234' title='bbox 95 1997 267 2060; x_wconf 83' lang='lat' dir='ltr'><strong>corruptam</strong></span> <span class='ocrx_word' id='word_1_235' title='bbox 288 2005 347 2042; x_wconf 87' lang='lat' dir='ltr'><strong>esse</strong></span> <span class='ocrx_word' id='word_1_236' title='bbox 366 1996 395 2041; x_wconf 90' lang='lat' dir='ltr'><strong>et</strong></span> <span class='ocrx_word' id='word_1_237' title='bbox 413 1989 592 2045; x_wconf 87' lang='lat' dir='ltr'><strong>recentiores</strong></span> <span class='ocrx_word' id='word_1_238' title='bbox 609 2005 669 2042; x_wconf 89' lang='lat' dir='ltr'><strong>non</strong></span> <span class='ocrx_word' id='word_1_239' title='bbox 687 1987 871 2052; x_wconf 82' lang='lat' dir='ltr'><strong>dubitabant,</strong></span> <span class='ocrx_word' id='word_1_240' title='bbox 889 1991 1104 2044; x_wconf 57' lang='lat' dir='ltr'><strong>revocaverit?</strong></span> <span class='ocrx_word' id='word_1_241' title='bbox 1139 1989 1217 2043; x_wconf 85' lang='lat' dir='ltr'><strong>llaec</strong></span> 
     </span>
     <span class='ocr_line' id='line_1_26' title="bbox 15 2059 1266 2136; baseline 0.005 -26"><span class='ocrx_word' id='word_1_242' title='bbox 15 2066 43 2106; x_wconf 81' lang='lat' dir='ltr'><strong>et</strong></span> <span class='ocrx_word' id='word_1_243' title='bbox 58 2061 202 2136; x_wconf 77' lang='lat' dir='ltr'><strong>ingeniosa</strong></span> <span class='ocrx_word' id='word_1_244' title='bbox 214 2061 340 2116; x_wconf 86' lang='lat' dir='ltr'><strong>Beckeri</strong></span> <span class='ocrx_word' id='word_1_245' title='bbox 357 2061 519 2126; x_wconf 90' lang='lat' dir='ltr'><strong>sententia,</strong></span> <span class='ocrx_word' id='word_1_246' title='bbox 540 2061 588 2114; x_wconf 89' lang='lat' dir='ltr'><strong>cui</strong></span> <span class='ocrx_word' id='word_1_247' title='bbox 606 2059 693 2131; x_wconf 85' lang='lat' dir='ltr'><strong>plane</strong></span> <span class='ocrx_word' id='word_1_248' title='bbox 711 2061 893 2116; x_wconf 85' lang='lat' dir='ltr'><strong>subscribere</strong></span> <span class='ocrx_word' id='word_1_249' title='bbox 910 2079 940 2116; x_wconf 92' lang='lat' dir='ltr'><strong>se</strong></span> <span class='ocrx_word' id='word_1_250' title='bbox 958 2061 1117 2132; x_wconf 74' lang='lat' dir='ltr'><strong>profitetur</strong></span> <span class='ocrx_word' id='word_1_251' title='bbox 1135 2063 1216 2116; x_wconf 81' lang='lat' dir='ltr'><strong>Osan</strong></span> <span class='ocrx_word' id='word_1_252' title='bbox 1264 2125 1266 2134; x_wconf 28' lang='grc' dir='ltr'>Ι</span> 
     </span>
     <span class='ocr_line' id='line_1_27' title="bbox 13 2125 1215 2208; baseline 0.006 -26"><span class='ocrx_word' id='word_1_253' title='bbox 13 2125 158 2208; x_wconf 66' lang='lat' dir='ltr'><strong>detegatur</strong></span> <span class='ocrx_word' id='word_1_254' title='bbox 182 2133 301 2188; x_wconf 86' lang='lat' dir='ltr'><strong>Dronk.</strong></span> <span class='ocrx_word' id='word_1_255' title='bbox 321 2135 373 2202; x_wconf 88' lang='lat' dir='ltr'><strong>qui</strong></span> <span class='ocrx_word' id='word_1_256' title='bbox 393 2133 427 2186; x_wconf 88' lang='lat' dir='ltr'><strong>ad</strong></span> <span class='ocrx_word' id='word_1_257' title='bbox 446 2151 472 2188; x_wconf 86' lang='lat' dir='ltr'><strong>c.</strong></span> <span class='ocrx_word' id='word_1_258' title='bbox 492 2139 545 2201; x_wconf 76' lang='grc'><strong>10,</strong></span> <span class='ocrx_word' id='word_1_259' title='bbox 563 2136 590 2190; x_wconf 80' lang='lat'><strong>2.</strong></span> <span class='ocrx_word' id='word_1_260' title='bbox 615 2131 687 2188; x_wconf 86' lang='lat' dir='ltr'><strong>haec</strong></span> <span class='ocrx_word' id='word_1_261' title='bbox 706 2135 870 2188; x_wconf 80' lang='lat' dir='ltr'><strong>annotavit:</strong></span> <span class='ocrx_word' id='word_1_262' title='bbox 901 2136 957 2201; x_wconf 85' lang='lat' dir='ltr'><strong>„ln</strong></span> <span class='ocrx_word' id='word_1_263' title='bbox 975 2135 1027 2204; x_wconf 86' lang='lat' dir='ltr'><strong>iis,</strong></span> <span class='ocrx_word' id='word_1_264' title='bbox 1052 2153 1128 2204; x_wconf 86' lang='lat' dir='ltr'><strong>quae</strong></span> <span class='ocrx_word' id='word_1_265' title='bbox 1154 2152 1215 2206; x_wconf 87' lang='lat' dir='ltr'><strong>cap.</strong></span> 
     </span>
     <span class='ocr_line' id='line_1_28' title="bbox 14 2203 1220 2279; baseline 0.003 -23"><span class='ocrx_word' id='word_1_266' title='bbox 14 2203 42 2256; x_wconf 85' lang='lat' dir='ltr'><strong>tc.</strong></span> <span class='ocrx_word' id='word_1_267' title='bbox 57 2215 80 2258; x_wconf 87' lang='lat' dir='ltr'><strong>et</strong></span> <span class='ocrx_word' id='word_1_268' title='bbox 95 2212 138 2262; x_wconf 81' lang='lat' dir='ltr'><strong>ts.</strong></span> <span class='ocrx_word' id='word_1_269' title='bbox 159 2209 377 2279; x_wconf 82' lang='lat' dir='ltr'><strong>proferuntur,</strong></span> <span class='ocrx_word' id='word_1_270' title='bbox 397 2223 456 2260; x_wconf 89' lang='lat' dir='ltr'><strong>non</strong></span> <span class='ocrx_word' id='word_1_271' title='bbox 475 2206 639 2277; x_wconf 86' lang='lat' dir='ltr'><strong>disputatur</strong></span> <span class='ocrx_word' id='word_1_272' title='bbox 658 2215 759 2260; x_wconf 85' lang='lat' dir='ltr'><strong>contra</strong></span> <span class='ocrx_word' id='word_1_273' title='bbox 778 2207 993 2277; x_wconf 87' lang='lat' dir='ltr'><strong>eloquentiam,</strong></span> <span class='ocrx_word' id='word_1_274' title='bbox 1012 2208 1062 2260; x_wconf 90' lang='lat' dir='ltr'><strong>sed</strong></span> <span class='ocrx_word' id='word_1_275' title='bbox 1080 2208 1171 2261; x_wconf 80' lang='lat' dir='ltr'><strong>fusius</strong></span> <span class='ocrx_word' id='word_1_276' title='bbox 1191 2216 1220 2262; x_wconf 91' lang='lat' dir='ltr'><strong>et</strong></span> 
     </span>
     <span class='ocr_line' id='line_1_29' title="bbox 12 2275 1219 2350; baseline 0.007 -24"><span class='ocrx_word' id='word_1_277' title='bbox 12 2275 118 2342; x_wconf 78' lang='lat' dir='ltr'><strong>pluribus</strong></span> <span class='ocrx_word' id='word_1_278' title='bbox 136 2281 377 2346; x_wconf 88' lang='lat' dir='ltr'><strong>demonstratur,</strong></span> <span class='ocrx_word' id='word_1_279' title='bbox 409 2295 466 2348; x_wconf 91' lang='lat' dir='ltr'><strong>quo</strong></span> <span class='ocrx_word' id='word_1_280' title='bbox 492 2279 621 2334; x_wconf 86' lang='lat' dir='ltr'><strong>civitatis</strong></span> <span class='ocrx_word' id='word_1_281' title='bbox 647 2287 724 2332; x_wconf 88' lang='lat' dir='ltr'><strong>statu</strong></span> <span class='ocrx_word' id='word_1_282' title='bbox 747 2297 860 2332; x_wconf 88' lang='lat' dir='ltr'><strong>summa</strong></span> <span class='ocrx_word' id='word_1_283' title='bbox 885 2276 1053 2350; x_wconf 78' lang='lat' dir='ltr'><strong>eloquentia</strong></span> <span class='ocrx_word' id='word_1_284' title='bbox 1081 2281 1219 2335; x_wconf 86' lang='lat' dir='ltr'><strong>exsistere</strong></span> 
     </span>
     <span class='ocr_line' id='line_1_30' title="bbox 11 2351 1219 2424; baseline 0.005 -24"><span class='ocrx_word' id='word_1_285' title='bbox 11 2353 91 2416; x_wconf 69' lang='lat' dir='ltr'><strong>possit,</strong></span> <span class='ocrx_word' id='word_1_286' title='bbox 110 2355 190 2424; x_wconf 76' lang='lat' dir='ltr'><strong>qesod</strong></span> <span class='ocrx_word' id='word_1_287' title='bbox 207 2355 355 2406; x_wconf 87' lang='lat' dir='ltr'><strong>Maternus</strong></span> <span class='ocrx_word' id='word_1_288' title='bbox 374 2352 406 2404; x_wconf 90' lang='lat' dir='ltr'><strong>in</strong></span> <span class='ocrx_word' id='word_1_289' title='bbox 424 2351 576 2422; x_wconf 85' lang='lat' dir='ltr'><strong>praecedd.</strong></span> <span class='ocrx_word' id='word_1_290' title='bbox 596 2351 655 2404; x_wconf 89' lang='lat' dir='ltr'><strong>iam</strong></span> <span class='ocrx_word' id='word_1_291' title='bbox 674 2351 794 2406; x_wconf 88' lang='lat' dir='ltr'><strong>subinde</strong></span> <span class='ocrx_word' id='word_1_292' title='bbox 812 2361 965 2408; x_wconf 82' lang='lat' dir='ltr'><strong>monuerat</strong></span> <span class='ocrx_word' id='word_1_293' title='bbox 984 2353 1070 2406; x_wconf 89' lang='lat' dir='ltr'><strong>etita</strong></span> <span class='ocrx_word' id='word_1_294' title='bbox 1089 2353 1219 2422; x_wconf 90' lang='lat' dir='ltr'><strong>quidem,</strong></span> 
     </span>
     <span class='ocr_line' id='line_1_31' title="bbox 11 2423 1219 2498; baseline 0.009 -29"><span class='ocrx_word' id='word_1_295' title='bbox 11 2427 32 2470; x_wconf 84' lang='lat' dir='ltr'><strong>at</strong></span> <span class='ocrx_word' id='word_1_296' title='bbox 45 2423 89 2478; x_wconf 88' lang='lat' dir='ltr'><strong>illa</strong></span> <span class='ocrx_word' id='word_1_297' title='bbox 106 2435 265 2498; x_wconf 85' lang='lat' dir='ltr'><strong>tempora,</strong></span> <span class='ocrx_word' id='word_1_298' title='bbox 285 2425 386 2494; x_wconf 91' lang='lat' dir='ltr'><strong>quibus</strong></span> <span class='ocrx_word' id='word_1_299' title='bbox 406 2423 573 2493; x_wconf 85' lang='lat' dir='ltr'><strong>eloquentia</strong></span> <span class='ocrx_word' id='word_1_300' title='bbox 593 2423 772 2492; x_wconf 79' lang='lat' dir='ltr'><strong>effloruerit,</strong></span> <span class='ocrx_word' id='word_1_301' title='bbox 791 2441 851 2478; x_wconf 88' lang='lat' dir='ltr'><strong>non</strong></span> <span class='ocrx_word' id='word_1_302' title='bbox 870 2425 977 2492; x_wconf 85' lang='lat' dir='ltr'><strong>laudet.</strong></span> <span class='ocrx_word' id='word_1_303' title='bbox 1014 2425 1062 2480; x_wconf 83' lang='lat' dir='ltr'><strong>stc</strong></span> <span class='ocrx_word' id='word_1_304' title='bbox 1081 2443 1107 2480; x_wconf 90' lang='lat' dir='ltr'><strong>c.</strong></span> <span class='ocrx_word' id='word_1_305' title='bbox 1127 2430 1172 2492; x_wconf 73' lang='grc'><strong>36,</strong></span> <span class='ocrx_word' id='word_1_306' title='bbox 1191 2431 1219 2484; x_wconf 81' lang='lat'><strong>2.</strong></span> 
     </span>
     <span class='ocr_line' id='line_1_32' title="bbox 11 2497 1220 2570; baseline 0.003 -20"><span class='ocrx_word' id='word_1_307' title='bbox 11 2499 62 2550; x_wconf 75' lang='lat' dir='ltr'><strong>til.</strong></span> <span class='ocrx_word' id='word_1_308' title='bbox 80 2516 140 2570; x_wconf 86' lang='lat' dir='ltr'><strong>cap.</strong></span> <span class='ocrx_word' id='word_1_309' title='bbox 161 2505 224 2566; x_wconf 83' lang='lat'><strong>37,</strong></span> <span class='ocrx_word' id='word_1_310' title='bbox 246 2499 273 2551; x_wconf 89' lang='grc'><strong>5.</strong></span> <span class='ocrx_word' id='word_1_311' title='bbox 294 2505 324 2550; x_wconf 89' lang='lat' dir='ltr'><strong>et</strong></span> <span class='ocrx_word' id='word_1_312' title='bbox 342 2501 368 2554; x_wconf 88' lang='lat'><strong>8.</strong></span> <span class='ocrx_word' id='word_1_313' title='bbox 405 2497 483 2550; x_wconf 90' lang='lat' dir='ltr'><strong>Hinc</strong></span> <span class='ocrx_word' id='word_1_314' title='bbox 507 2497 655 2550; x_wconf 88' lang='lat' dir='ltr'><strong>falluntur</strong></span> <span class='ocrx_word' id='word_1_315' title='bbox 682 2497 787 2550; x_wconf 91' lang='lat' dir='ltr'><strong>Heum.</strong></span> <span class='ocrx_word' id='word_1_316' title='bbox 814 2505 842 2550; x_wconf 90' lang='lat' dir='ltr'><strong>et</strong></span> <span class='ocrx_word' id='word_1_317' title='bbox 871 2497 958 2552; x_wconf 81' lang='lat' dir='ltr'><strong>Beck.</strong></span> <span class='ocrx_word' id='word_1_318' title='bbox 985 2498 1037 2567; x_wconf 89' lang='lat' dir='ltr'><strong>qui</strong></span> <span class='ocrx_word' id='word_1_319' title='bbox 1061 2515 1087 2549; x_wconf 91' lang='lat' dir='ltr'><strong>c.</strong></span> <span class='ocrx_word' id='word_1_320' title='bbox 1109 2501 1167 2563; x_wconf 75' lang='lat' dir='ltr'><strong>Mt,</strong></span> <span class='ocrx_word' id='word_1_321' title='bbox 1192 2504 1220 2556; x_wconf 85' lang='grc'><strong>2.</strong></span> 
     </span>
     <span class='ocr_line' id='line_1_33' title="bbox 9 2563 1219 2640; baseline 0.004 -19"><span class='ocrx_word' id='word_1_322' title='bbox 9 2563 117 2624; x_wconf 79' lang='lat' dir='ltr'><strong>lacunam</strong></span> <span class='ocrx_word' id='word_1_323' title='bbox 136 2571 336 2627; x_wconf 88' lang='lat' dir='ltr'><strong>odorantur.’&#39;</strong></span> <span class='ocrx_word' id='word_1_324' title='bbox 372 2569 428 2624; x_wconf 86' lang='lat' dir='ltr'><strong>Sed</strong></span> <span class='ocrx_word' id='word_1_325' title='bbox 454 2569 554 2623; x_wconf 90' lang='lat' dir='ltr'><strong>eodem</strong></span> <span class='ocrx_word' id='word_1_326' title='bbox 578 2587 670 2640; x_wconf 87' lang='lat' dir='ltr'><strong>paene</strong></span> <span class='ocrx_word' id='word_1_327' title='bbox 689 2569 776 2624; x_wconf 90' lang='lat' dir='ltr'><strong>modo</strong></span> <span class='ocrx_word' id='word_1_328' title='bbox 795 2577 829 2622; x_wconf 91' lang='lat' dir='ltr'><strong>ut</strong></span> <span class='ocrx_word' id='word_1_329' title='bbox 846 2571 991 2627; x_wconf 83' lang='lat' dir='ltr'><strong>Beckerus</strong></span> <span class='ocrx_word' id='word_1_330' title='bbox 1011 2570 1047 2626; x_wconf 88' lang='lat' dir='ltr'><strong>de</strong></span> <span class='ocrx_word' id='word_1_331' title='bbox 1065 2571 1170 2624; x_wconf 82' lang='lat' dir='ltr'><strong>lacuna</strong></span> <span class='ocrx_word' id='word_1_332' title='bbox 1188 2571 1219 2626; x_wconf 83' lang='lat' dir='ltr'><strong>h.</strong></span> 
     </span>
     <span class='ocr_line' id='line_1_34' title="bbox 9 2635 1220 2718; baseline 0.005 -26"><span class='ocrx_word' id='word_1_333' title='bbox 9 2635 24 2688; x_wconf 89' lang='lat' dir='ltr'><strong>l</strong></span> <span class='ocrx_word' id='word_1_334' title='bbox 44 2641 200 2714; x_wconf 76' lang='lat' dir='ltr'><strong>disputavit</strong></span> <span class='ocrx_word' id='word_1_335' title='bbox 227 2642 366 2696; x_wconf 88' lang='lat' dir='ltr'><strong>Doederl.</strong></span> <span class='ocrx_word' id='word_1_336' title='bbox 392 2643 423 2694; x_wconf 89' lang='lat' dir='ltr'><strong>in</strong></span> <span class='ocrx_word' id='word_1_337' title='bbox 449 2643 547 2696; x_wconf 88' lang='lat' dir='ltr'><strong>Museo</strong></span> <span class='ocrx_word' id='word_1_338' title='bbox 572 2635 663 2698; x_wconf 80' lang='lat' dir='ltr'><strong>Rhea.</strong></span> <span class='ocrx_word' id='word_1_339' title='bbox 682 2647 714 2707; x_wconf 86' lang='grc'><strong>3,</strong></span> <span class='ocrx_word' id='word_1_340' title='bbox 735 2647 760 2698; x_wconf 86' lang='grc'><strong>1.</strong></span> <span class='ocrx_word' id='word_1_341' title='bbox 780 2660 808 2714; x_wconf 82' lang='lat' dir='ltr'><strong>p.</strong></span> <span class='ocrx_word' id='word_1_342' title='bbox 829 2647 872 2699; x_wconf 86' lang='grc'><strong>16.</strong></span> <span class='ocrx_word' id='word_1_343' title='bbox 898 2645 952 2698; x_wconf 89' lang='lat' dir='ltr'><strong>etsi</strong></span> <span class='ocrx_word' id='word_1_344' title='bbox 968 2643 1088 2718; x_wconf 70' lang='lat' dir='ltr'><strong>ignem</strong></span> <span class='ocrx_word' id='word_1_345' title='bbox 1108 2659 1220 2714; x_wconf 87' lang='lat' dir='ltr'><strong>eorum,</strong></span> 
     </span>
     <span class='ocr_line' id='line_1_35' title="bbox 5 2715 1221 2784; baseline 0.004 -19"><span class='ocrx_word' id='word_1_346' title='bbox 5 2725 58 2778; x_wconf 78' lang='lat' dir='ltr'><strong>qtae</strong></span> <span class='ocrx_word' id='word_1_347' title='bbox 76 2717 129 2773; x_wconf 90' lang='lat' dir='ltr'><strong>ille</strong></span> <span class='ocrx_word' id='word_1_348' title='bbox 149 2719 289 2774; x_wconf 77' lang='lat' dir='ltr'><strong>dixisset.</strong></span> <span class='ocrx_word' id='word_1_349' title='bbox 309 2744 345 2756; x_wconf 91' lang='lat'><em>-</em></span> <span class='ocrx_word' id='word_1_350' title='bbox 379 2715 619 2778; x_wconf 68' lang='lat' dir='ltr'><strong>eihstatensem,</strong></span> <span class='ocrx_word' id='word_1_351' title='bbox 643 2715 717 2770; x_wconf 81' lang='lat' dir='ltr'><strong>nibil</strong></span> <span class='ocrx_word' id='word_1_352' title='bbox 732 2715 849 2772; x_wconf 76' lang='lat' dir='ltr'><strong>humile:</strong></span> <span class='ocrx_word' id='word_1_353' title='bbox 872 2717 971 2772; x_wconf 82' lang='lat' dir='ltr'><strong>eadem</strong></span> <span class='ocrx_word' id='word_1_354' title='bbox 990 2715 1051 2770; x_wconf 82' lang='lat' dir='ltr'><strong>(iic.</strong></span> <span class='ocrx_word' id='word_1_355' title='bbox 1071 2715 1108 2770; x_wconf 79' lang='lat' dir='ltr'><strong>de</strong></span> <span class='ocrx_word' id='word_1_356' title='bbox 1126 2717 1221 2784; x_wconf 68' lang='lat' dir='ltr'><strong>fimi,</strong></span> 
     </span>
     <span class='ocr_line' id='line_1_36' title="bbox 5 2783 632 2857; baseline -0.011 -8"><span class='ocrx_word' id='word_1_357' title='bbox 5 2783 43 2848; x_wconf 58' lang='grc' dir='ltr'><strong>Ἀ,</strong></span> <span class='ocrx_word' id='word_1_358' title='bbox 58 2791 99 2846; x_wconf 83' lang='grc'><strong>57.</strong></span> <span class='ocrx_word' id='word_1_359' title='bbox 119 2801 151 2846; x_wconf 91' lang='lat' dir='ltr'><strong>et</strong></span> <span class='ocrx_word' id='word_1_360' title='bbox 170 2808 221 2846; x_wconf 90' lang='lat' dir='ltr'><strong>or.</strong></span> <span class='ocrx_word' id='word_1_361' title='bbox 243 2791 294 2856; x_wconf 83' lang='lat'><strong>57,</strong></span> <span class='ocrx_word' id='word_1_362' title='bbox 315 2792 376 2847; x_wconf 79' lang='lat'><strong>192.</strong></span> <span class='ocrx_word' id='word_1_363' title='bbox 397 2788 562 2857; x_wconf 70' lang='lat' dir='ltr'><strong>coniunxit,</strong></span> <span class='ocrx_word' id='word_1_364' title='bbox 580 2789 632 2842; x_wconf 88' lang='lat' dir='ltr'><strong>Dr.</strong></span> 
     </span>
    </p>
   </div>
   <div class='ocr_carea' id='block_1_3' title="bbox 431 3010 792 3066">
    <p class='ocr_par' dir='ltr' id='par_1_3' title="bbox 431 3010 792 3066">
     <span class='ocr_line' id='line_1_37' title="bbox 431 3010 792 3066; baseline 0.003 -2"><span class='ocrx_word' id='word_1_365' title='bbox 431 3010 627 3066; x_wconf 79' lang='lat' dir='ltr'>CAPUT</span> <span class='ocrx_word' id='word_1_366' title='bbox 667 3011 792 3066; x_wconf 83' lang='lat' dir='ltr'><strong>xxxvl.</strong></span> 
     </span>
    </p>
   </div>
   <div class='ocr_carea' id='block_1_4' title="bbox 5 3122 1236 4392">
    <p class='ocr_par' dir='ltr' id='par_1_4' title="bbox 5 3122 1236 4392">
     <span class='ocr_line' id='line_1_38' title="bbox 62 3122 1228 3213; baseline 0.007 -29"><span class='ocrx_word' id='word_1_367' title='bbox 62 3122 194 3213; x_wconf 77' lang='lat' dir='ltr'><strong>Magna</strong></span> <span class='ocrx_word' id='word_1_368' title='bbox 219 3123 429 3208; x_wconf 88' lang='lat' dir='ltr'><strong>eloquentia,</strong></span> <span class='ocrx_word' id='word_1_369' title='bbox 460 3125 548 3186; x_wconf 89' lang='lat' dir='ltr'><strong>sicut</strong></span> <span class='ocrx_word' id='word_1_370' title='bbox 569 3125 717 3196; x_wconf 89' lang='lat' dir='ltr'><strong>flamma,</strong></span> <span class='ocrx_word' id='word_1_371' title='bbox 745 3125 885 3188; x_wconf 87' lang='lat' dir='ltr'><strong>materia</strong></span> <span class='ocrx_word' id='word_1_372' title='bbox 906 3125 1008 3190; x_wconf 87' lang='lat' dir='ltr'><strong>alitur</strong></span> <span class='ocrx_word' id='word_1_373' title='bbox 1029 3133 1062 3188; x_wconf 90' lang='lat' dir='ltr'><strong>et</strong></span> <span class='ocrx_word' id='word_1_374' title='bbox 1081 3125 1228 3192; x_wconf 82' lang='lat' dir='ltr'><strong>motibus</strong></span> 
     </span>
     <span class='ocr_line' id='line_1_39' title="bbox 7 3205 1236 3292; baseline 0.008 -28"><span class='ocrx_word' id='word_1_375' title='bbox 7 3207 146 3271; x_wconf 72' lang='lat' dir='ltr'><strong>usitatur</strong></span> <span class='ocrx_word' id='word_1_376' title='bbox 182 3219 221 3272; x_wconf 89' lang='lat' dir='ltr'><strong>et</strong></span> <span class='ocrx_word' id='word_1_377' title='bbox 257 3205 386 3271; x_wconf 88' lang='lat' dir='ltr'><strong>urendo</strong></span> <span class='ocrx_word' id='word_1_378' title='bbox 413 3209 573 3270; x_wconf 88' lang='lat' dir='ltr'><strong>clarescit.</strong></span> <span class='ocrx_word' id='word_1_379' title='bbox 622 3205 745 3270; x_wconf 86' lang='lat' dir='ltr'><strong>Eadem</strong></span> <span class='ocrx_word' id='word_1_380' title='bbox 776 3209 862 3270; x_wconf 88' lang='lat' dir='ltr'><strong>ratio</strong></span> <span class='ocrx_word' id='word_1_381' title='bbox 894 3211 930 3270; x_wconf 91' lang='lat' dir='ltr'><strong>in</strong></span> <span class='ocrx_word' id='word_1_382' title='bbox 959 3220 1073 3272; x_wconf 82' lang='lat' dir='ltr'><strong>nostre</strong></span> <span class='ocrx_word' id='word_1_383' title='bbox 1094 3230 1236 3292; x_wconf 86' lang='lat' dir='ltr'><strong>quoque-</strong></span> 
     </span>
     <span class='ocr_line' id='line_1_40' title="bbox 5 3284 1229 3378; baseline 0.003 -28"><span class='ocrx_word' id='word_1_384' title='bbox 5 3284 111 3358; x_wconf 82' lang='lat' dir='ltr'><strong>ticitate</strong></span> <span class='ocrx_word' id='word_1_385' title='bbox 132 3299 371 3378; x_wconf 84' lang='lat' dir='ltr'><strong>antiquorum</strong></span> <span class='ocrx_word' id='word_1_386' title='bbox 392 3293 611 3374; x_wconf 86' lang='lat' dir='ltr'><strong>eloquentiam</strong></span> <span class='ocrx_word' id='word_1_387' title='bbox 627 3294 792 3374; x_wconf 83' lang='lat' dir='ltr'><strong>provexit</strong></span> <span class='ocrx_word' id='word_1_388' title='bbox 834 3291 921 3354; x_wconf 92' lang='lat' dir='ltr'><strong>Nam</strong></span> <span class='ocrx_word' id='word_1_389' title='bbox 936 3297 997 3354; x_wconf 85' lang='lat' dir='ltr'><strong>etsi</strong></span> <span class='ocrx_word' id='word_1_390' title='bbox 1010 3295 1133 3356; x_wconf 87' lang='lat' dir='ltr'><strong>horum</strong></span> <span class='ocrx_word' id='word_1_391' title='bbox 1147 3312 1229 3376; x_wconf 91' lang='lat' dir='ltr'><strong>qno-</strong></span> 
     </span>
     <span class='ocr_line' id='line_1_41' title="bbox 7 3379 1231 3462; baseline -0.002 -22"><span class='ocrx_word' id='word_1_392' title='bbox 7 3387 47 3450; x_wconf 67' lang='grc' dir='ltr'><strong>με</strong></span> <span class='ocrx_word' id='word_1_393' title='bbox 68 3384 278 3462; x_wconf 72' lang='lat' dir='ltr'><strong>tensporum</strong></span> <span class='ocrx_word' id='word_1_394' title='bbox 298 3383 450 3437; x_wconf 87' lang='lat' dir='ltr'><strong>oratores</strong></span> <span class='ocrx_word' id='word_1_395' title='bbox 478 3395 517 3438; x_wconf 93' lang='lat' dir='ltr'><strong>ea</strong></span> <span class='ocrx_word' id='word_1_396' title='bbox 538 3379 707 3438; x_wconf 86' lang='lat' dir='ltr'><strong>consecuti</strong></span> <span class='ocrx_word' id='word_1_397' title='bbox 733 3384 831 3454; x_wconf 89' lang='lat' dir='ltr'><strong>sunt,</strong></span> <span class='ocrx_word' id='word_1_398' title='bbox 871 3395 955 3458; x_wconf 85' lang='lat' dir='ltr'><strong>quae</strong></span> <span class='ocrx_word' id='word_1_399' title='bbox 986 3379 1170 3460; x_wconf 89' lang='lat' dir='ltr'><strong>composita</strong></span> <span class='ocrx_word' id='word_1_400' title='bbox 1198 3385 1231 3438; x_wconf 90' lang='lat' dir='ltr'><strong>et</strong></span> 
     </span>
     <span class='ocr_line' id='line_1_42' title="bbox 6 3459 1230 3544; baseline -0.001 -21"><span class='ocrx_word' id='word_1_401' title='bbox 6 3461 88 3537; x_wconf 68' lang='lat' dir='ltr'><strong>{uicta</strong></span> <span class='ocrx_word' id='word_1_402' title='bbox 113 3474 150 3525; x_wconf 91' lang='lat' dir='ltr'><strong>et</strong></span> <span class='ocrx_word' id='word_1_403' title='bbox 175 3463 288 3526; x_wconf 88' lang='lat' dir='ltr'><strong>beata</strong></span> <span class='ocrx_word' id='word_1_404' title='bbox 310 3479 348 3522; x_wconf 89' lang='lat' dir='ltr'><strong>re</strong></span> <span class='ocrx_word' id='word_1_405' title='bbox 368 3459 501 3542; x_wconf 87' lang='lat' dir='ltr'><strong>publica</strong></span> <span class='ocrx_word' id='word_1_406' title='bbox 521 3460 627 3522; x_wconf 87' lang='lat' dir='ltr'><strong>tribui</strong></span> <span class='ocrx_word' id='word_1_407' title='bbox 648 3463 697 3522; x_wconf 82' lang='lat' dir='ltr'><strong>fas</strong></span> <span class='ocrx_word' id='word_1_408' title='bbox 721 3471 814 3535; x_wconf 73' lang='lat' dir='ltr'><strong>erat,</strong></span> <span class='ocrx_word' id='word_1_409' title='bbox 835 3469 946 3522; x_wconf 82' lang='lat' dir='ltr'><strong>tamen</strong></span> <span class='ocrx_word' id='word_1_410' title='bbox 967 3461 1032 3521; x_wconf 87' lang='lat' dir='ltr'><strong>ista</strong></span> <span class='ocrx_word' id='word_1_411' title='bbox 1051 3461 1230 3544; x_wconf 88' lang='lat' dir='ltr'><strong>perturba-</strong></span> 
     </span>
     <span class='ocr_line' id='line_1_43' title="bbox 7 3537 1230 3626; baseline 0.007 -26"><span class='ocrx_word' id='word_1_412' title='bbox 7 3537 68 3604; x_wconf 75' lang='lat' dir='ltr'><strong>bne</strong></span> <span class='ocrx_word' id='word_1_413' title='bbox 87 3565 128 3608; x_wconf 89' lang='lat' dir='ltr'><strong>ac</strong></span> <span class='ocrx_word' id='word_1_414' title='bbox 149 3545 305 3609; x_wconf 85' lang='lat' dir='ltr'><strong>licentia</strong></span> <span class='ocrx_word' id='word_1_415' title='bbox 326 3543 424 3626; x_wconf 89' lang='lat' dir='ltr'><strong>plura</strong></span> <span class='ocrx_word' id='word_1_416' title='bbox 445 3543 509 3604; x_wconf 90' lang='lat' dir='ltr'><strong>sibi</strong></span> <span class='ocrx_word' id='word_1_417' title='bbox 538 3545 670 3626; x_wconf 89' lang='lat' dir='ltr'><strong>assequi</strong></span> <span class='ocrx_word' id='word_1_418' title='bbox 698 3541 917 3621; x_wconf 84' lang='lat' dir='ltr'><strong>videbantur,</strong></span> <span class='ocrx_word' id='word_1_419' title='bbox 954 3564 1080 3626; x_wconf 91' lang='lat' dir='ltr'><strong>quum,</strong></span> <span class='ocrx_word' id='word_1_420' title='bbox 1117 3545 1230 3608; x_wconf 86' lang='lat' dir='ltr'><strong>mixtis</strong></span> 
     </span>
     <span class='ocr_line' id='line_1_44' title="bbox 5 3626 1233 3712; baseline 0.004 -24"><span class='ocrx_word' id='word_1_421' title='bbox 5 3626 129 3706; x_wconf 73' lang='lat' dir='ltr'><strong>unitus</strong></span> <span class='ocrx_word' id='word_1_422' title='bbox 152 3641 194 3695; x_wconf 86' lang='lat' dir='ltr'><strong>et</strong></span> <span class='ocrx_word' id='word_1_423' title='bbox 221 3627 441 3690; x_wconf 86' lang='lat' dir='ltr'><strong>moderatore</strong></span> <span class='ocrx_word' id='word_1_424' title='bbox 461 3645 529 3688; x_wconf 90' lang='lat' dir='ltr'><strong>uno</strong></span> <span class='ocrx_word' id='word_1_425' title='bbox 551 3629 762 3706; x_wconf 86' lang='lat' dir='ltr'><strong>carentibus,</strong></span> <span class='ocrx_word' id='word_1_426' title='bbox 793 3635 923 3690; x_wconf 90' lang='lat' dir='ltr'><strong>tautum</strong></span> <span class='ocrx_word' id='word_1_427' title='bbox 954 3629 1097 3712; x_wconf 88' lang='lat' dir='ltr'><strong>quisque</strong></span> <span class='ocrx_word' id='word_1_428' title='bbox 1117 3639 1233 3694; x_wconf 83' lang='lat' dir='ltr'><strong>orator</strong></span> 
     </span>
     <span class='ocr_line' id='line_1_45' title="bbox 5 3708 1232 3798; baseline 0.001 -21"><span class='ocrx_word' id='word_1_429' title='bbox 5 3713 126 3794; x_wconf 73' lang='lat' dir='ltr'><strong>tanet,</strong></span> <span class='ocrx_word' id='word_1_430' title='bbox 168 3721 352 3798; x_wconf 85' lang='lat' dir='ltr'><strong>quantum</strong></span> <span class='ocrx_word' id='word_1_431' title='bbox 380 3713 506 3772; x_wconf 88' lang='lat' dir='ltr'><strong>erranti</strong></span> <span class='ocrx_word' id='word_1_432' title='bbox 527 3712 650 3794; x_wconf 89' lang='lat' dir='ltr'><strong>populo</strong></span> <span class='ocrx_word' id='word_1_433' title='bbox 672 3708 867 3792; x_wconf 87' lang='lat' dir='ltr'><strong>persuaderi</strong></span> <span class='ocrx_word' id='word_1_434' title='bbox 888 3719 1030 3795; x_wconf 89' lang='lat' dir='ltr'><strong>poterat.</strong></span> <span class='ocrx_word' id='word_1_435' title='bbox 1073 3711 1165 3776; x_wconf 89' lang='lat' dir='ltr'><strong>Hinc</strong></span> <span class='ocrx_word' id='word_1_436' title='bbox 1186 3715 1232 3778; x_wconf 90' lang='lat' dir='ltr'><strong>le·</strong></span> 
     </span>
     <span class='ocr_line' id='line_1_46' title="bbox 5 3795 1232 3883; baseline -0.002 -21"><span class='ocrx_word' id='word_1_437' title='bbox 5 3797 220 3874; x_wconf 53' lang='lat' dir='ltr'><strong>Massiduae</strong></span> <span class='ocrx_word' id='word_1_438' title='bbox 247 3803 287 3858; x_wconf 82' lang='lat' dir='ltr'><strong>et</strong></span> <span class='ocrx_word' id='word_1_439' title='bbox 307 3795 468 3879; x_wconf 88' lang='lat' dir='ltr'><strong>populare</strong></span> <span class='ocrx_word' id='word_1_440' title='bbox 489 3813 626 3876; x_wconf 86' lang='lat' dir='ltr'><strong>nomen,</strong></span> <span class='ocrx_word' id='word_1_441' title='bbox 663 3795 742 3856; x_wconf 90' lang='lat' dir='ltr'><strong>hinc</strong></span> <span class='ocrx_word' id='word_1_442' title='bbox 769 3799 943 3858; x_wconf 86' lang='lat' dir='ltr'><strong>conciones</strong></span> <span class='ocrx_word' id='word_1_443' title='bbox 965 3799 1232 3883; x_wconf 79' lang='lat' dir='ltr'><strong>magistratuum,</strong></span> 
     </span>
     <span class='ocr_line' id='line_1_47' title="bbox 5 3877 1232 3968; baseline 0.001 -27"><span class='ocrx_word' id='word_1_444' title='bbox 5 3895 79 3946; x_wconf 73' lang='lat' dir='ltr'><strong>aene</strong></span> <span class='ocrx_word' id='word_1_445' title='bbox 108 3881 405 3968; x_wconf 84' lang='lat' dir='ltr'><strong>pernoctantium</strong></span> <span class='ocrx_word' id='word_1_446' title='bbox 438 3880 473 3939; x_wconf 90' lang='lat' dir='ltr'><strong>in</strong></span> <span class='ocrx_word' id='word_1_447' title='bbox 508 3879 647 3958; x_wconf 87' lang='lat' dir='ltr'><strong>rostris,</strong></span> <span class='ocrx_word' id='word_1_448' title='bbox 690 3877 769 3942; x_wconf 89' lang='lat' dir='ltr'><strong>hino</strong></span> <span class='ocrx_word' id='word_1_449' title='bbox 791 3881 1017 3942; x_wconf 83' lang='lat' dir='ltr'><strong>accusationes</strong></span> <span class='ocrx_word' id='word_1_450' title='bbox 1045 3883 1232 3965; x_wconf 86' lang='lat' dir='ltr'><strong>potentium</strong></span> 
     </span>
     <span class='ocr_line' id='line_1_48' title="bbox 8 3961 1231 4048; baseline -0.002 -20"><span class='ocrx_word' id='word_1_451' title='bbox 8 3977 109 4029; x_wconf 62' lang='lat' dir='ltr'><strong>nrum</strong></span> <span class='ocrx_word' id='word_1_452' title='bbox 133 3976 173 4030; x_wconf 89' lang='lat' dir='ltr'><strong>et</strong></span> <span class='ocrx_word' id='word_1_453' title='bbox 196 3965 399 4048; x_wconf 79' lang='lat' dir='ltr'><strong>assignatae</strong></span> <span class='ocrx_word' id='word_1_454' title='bbox 420 3965 519 4026; x_wconf 87' lang='lat' dir='ltr'><strong>etiam</strong></span> <span class='ocrx_word' id='word_1_455' title='bbox 541 3961 693 4026; x_wconf 87' lang='lat' dir='ltr'><strong>domibus</strong></span> <span class='ocrx_word' id='word_1_456' title='bbox 715 3965 931 4046; x_wconf 83' lang='lat' dir='ltr'><strong>inimicitiae,</strong></span> <span class='ocrx_word' id='word_1_457' title='bbox 953 3965 1031 4026; x_wconf 88' lang='lat' dir='ltr'><strong>binc</strong></span> <span class='ocrx_word' id='word_1_458' title='bbox 1052 3983 1231 4048; x_wconf 86' lang='lat' dir='ltr'><strong>procerum</strong></span> 
     </span>
     <span class='ocr_line' id='line_1_49' title="bbox 6 4045 1232 4130; baseline 0.002 -22"><span class='ocrx_word' id='word_1_459' title='bbox 6 4055 131 4118; x_wconf 76' lang='lat' dir='ltr'><strong>tationes</strong></span> <span class='ocrx_word' id='word_1_460' title='bbox 165 4060 207 4114; x_wconf 89' lang='lat' dir='ltr'><strong>et</strong></span> <span class='ocrx_word' id='word_1_461' title='bbox 244 4045 386 4109; x_wconf 85' lang='lat' dir='ltr'><strong>assidua</strong></span> <span class='ocrx_word' id='word_1_462' title='bbox 415 4055 548 4110; x_wconf 85' lang='lat' dir='ltr'><strong>senatus</strong></span> <span class='ocrx_word' id='word_1_463' title='bbox 570 4045 730 4112; x_wconf 78' lang='lat' dir='ltr'><strong>adversus</strong></span> <span class='ocrx_word' id='word_1_464' title='bbox 751 4048 880 4130; x_wconf 83' lang='lat' dir='ltr'><strong>plebem</strong></span> <span class='ocrx_word' id='word_1_465' title='bbox 902 4051 1093 4111; x_wconf 76' lang='lat' dir='ltr'><strong>certamine.</strong></span> <span class='ocrx_word' id='word_1_466' title='bbox 1138 4047 1232 4130; x_wconf 74' lang='lat' dir='ltr'><strong>Quae</strong></span> 
     </span>
     <span class='ocr_line' id='line_1_50' title="bbox 8 4129 1232 4222; baseline -0.003 -28"><span class='ocrx_word' id='word_1_467' title='bbox 8 4131 103 4222; x_wconf 71' lang='lat' dir='ltr'><strong>ing-cla</strong></span> <span class='ocrx_word' id='word_1_468' title='bbox 132 4138 206 4200; x_wconf 85' lang='lat' dir='ltr'><strong>etsi</strong></span> <span class='ocrx_word' id='word_1_469' title='bbox 242 4129 481 4196; x_wconf 81' lang='lat' dir='ltr'><strong>distrahebant</strong></span> <span class='ocrx_word' id='word_1_470' title='bbox 501 4144 573 4192; x_wconf 86' lang='lat' dir='ltr'><strong>rem</strong></span> <span class='ocrx_word' id='word_1_471' title='bbox 595 4131 781 4214; x_wconf 88' lang='lat' dir='ltr'><strong>publicam,</strong></span> <span class='ocrx_word' id='word_1_472' title='bbox 801 4130 1008 4194; x_wconf 75' lang='lat' dir='ltr'><strong>&#39;exercebant</strong></span> <span class='ocrx_word' id='word_1_473' title='bbox 1028 4141 1137 4193; x_wconf 89' lang='lat' dir='ltr'><strong>temen</strong></span> <span class='ocrx_word' id='word_1_474' title='bbox 1158 4131 1232 4192; x_wconf 89' lang='lat' dir='ltr'><strong>illo-</strong></span> 
     </span>
     <span class='ocr_line' id='line_1_51' title="bbox 7 4211 1233 4309; baseline -0.006 -27"><span class='ocrx_word' id='word_1_475' title='bbox 7 4237 52 4282; x_wconf 88' lang='lat' dir='ltr'><strong>um</strong></span> <span class='ocrx_word' id='word_1_476' title='bbox 69 4235 291 4309; x_wconf 81' lang='lat' dir='ltr'><strong>temporum</strong></span> <span class='ocrx_word' id='word_1_477' title='bbox 316 4215 537 4296; x_wconf 87' lang='lat' dir='ltr'><strong>eloquentiam</strong></span> <span class='ocrx_word' id='word_1_478' title='bbox 567 4221 600 4276; x_wconf 90' lang='lat' dir='ltr'><strong>et</strong></span> <span class='ocrx_word' id='word_1_479' title='bbox 620 4219 748 4304; x_wconf 71' lang='lat' dir='ltr'><strong>magnis</strong></span> <span class='ocrx_word' id='word_1_480' title='bbox 770 4217 939 4278; x_wconf 88' lang='lat' dir='ltr'><strong>cumulare</strong></span> <span class='ocrx_word' id='word_1_481' title='bbox 960 4217 1119 4296; x_wconf 86' lang='lat' dir='ltr'><strong>praemiis</strong></span> <span class='ocrx_word' id='word_1_482' title='bbox 1140 4211 1233 4292; x_wconf 70' lang='lat' dir='ltr'><strong>cide·</strong></span> 
     </span>
     <span class='ocr_line' id='line_1_52' title="bbox 9 4297 1234 4392; baseline -0.008 -26"><span class='ocrx_word' id='word_1_483' title='bbox 9 4316 111 4390; x_wconf 83' lang='lat' dir='ltr'><strong>mter,</strong></span> <span class='ocrx_word' id='word_1_484' title='bbox 142 4308 263 4392; x_wconf 80' lang='lat' dir='ltr'><strong>quia,</strong></span> <span class='ocrx_word' id='word_1_485' title='bbox 301 4306 425 4385; x_wconf 66' lang='lat' dir='ltr'><strong>equanto</strong></span> <span class='ocrx_word' id='word_1_486' title='bbox 447 4300 588 4382; x_wconf 86' lang='lat' dir='ltr'><strong>quisque</strong></span> <span class='ocrx_word' id='word_1_487' title='bbox 609 4299 684 4381; x_wconf 90' lang='lat' dir='ltr'><strong>plns</strong></span> <span class='ocrx_word' id='word_1_488' title='bbox 706 4297 842 4364; x_wconf 89' lang='lat' dir='ltr'><strong>dicendo</strong></span> <span class='ocrx_word' id='word_1_489' title='bbox 864 4306 1009 4384; x_wconf 87' lang='lat' dir='ltr'><strong>poterat,</strong></span> <span class='ocrx_word' id='word_1_490' title='bbox 1039 4307 1132 4362; x_wconf 87' lang='lat' dir='ltr'><strong>tanto</strong></span> <span class='ocrx_word' id='word_1_491' title='bbox 1154 4299 1234 4360; x_wconf 83' lang='lat' dir='ltr'><strong>taci-</strong></span> 
     </span>
    </p>
   </div>
   <div class='ocr_carea' id='block_1_5' title="bbox 0 0 1387 4792">
    <p class='ocr_par' dir='ltr' id='par_1_5' title="bbox 0 0 1387 4792">
     <span class='ocr_line' id='line_1_53' title="bbox 0 0 1387 4792; baseline 0 0"><span class='ocrx_word' id='word_1_492' title='bbox 0 0 1387 4792; x_wconf 95' lang='lat' dir='ltr'><strong> </strong></span> 
     </span>
    </p>
   </div>
  </div>
 </body>
</html>
