2904 4802
537 203 680 270 CAPUT
699 203 772 271 xJ..
1209 209 1271 272 4111

40 377 191 494 ἔπεια.-
219 369 253 422 in
278 370 322 424 etl
348 387 394 441 pr.
423 389 508 442 quoru
525 379 649 428 111111-
679 373 836 427 oratoribus
854 371 935 442 sores
963 375 1158 438 aimmeioat,
1187 394 1214 430 v.
1235 375 1270 430 ad

62 445 127 508 .2,
147 447 207 508 86,
226 447 253 498 7.

105 517 135 569 2.
178 515 243 568 Nou
261 517 292 570 de
311 521 403 570 otioso
422 525 449 570 et
467 521 559 590 quieta
577 538 607 572 re
624 518 744 588 publica
761 519 880 588 eiusque
895 521 1103 574 constitutione
1122 524 1270 593 loquimur,

38 596 61 641 d
79 607 154 658 quoe
173 589 314 660 probitate
332 598 358 643 et
375 591 508 644 modestia
525 593 664 664 gaudeat,
696 591 746 644 ubi
774 607 835 644 mos
862 594 977 666 geritur
995 594 1107 669 legibus
1127 602 1156 647 et
1176 595 1270 665 impe·

39 661 88 713 riis
110 661 362 736 magistratuum:
399 671 432 713 ut
447 665 523 734 plebs
541 666 664 718 modesto
683 681 727 734 ap.
748 663 810 716 cic.
831 663 900 739 Agr.
920 669 954 730 2,
973 672 1017 722 31.
1047 665 1097 717 ubi
1122 668 1270 721 seditiosae

37 735 219 802 opponitur,
257 743 285 789 et
305 736 478 790 immodestia
496 741 618 792 militum
636 755 682 806 ap.
701 739 774 805 Nep.
795 736 861 806 hys.
883 742 907 790 1.
935 747 963 792 et
990 737 1082 792 Alcib.
1101 743 1128 794 8.
1157 740 1192 794 de
1220 740 1271 794 de-

37 806 213 880 dignatione
230 809 368 877 11111111
404 809 509 862 Sobulu.
548 811 700 873 ‚Modestia
724 817 767 862 est
785 811 814 862 iu
833 814 928 863 auimo
955 817 1099 864 continens
1116 814 1271 866 moderatio

38 881 231 948 cupiditatum
252 881 311 934 Cic.
332 881 368 933 ad
387 882 494 936 Heren.
515 888 547 948 3,
566 886 592 937 2.
613 902 640 936 v.
662 880 798 934 Gerlach.
821 899 923 936 comm.
943 884 975 936 in
994 884 1063 938 Sall.
1084 901 1113 954 p.
1134 889 1178 941 57.
1213 886 1297 938 ido-¹

37 955 128 1006 elsatia
156 961 188 1006 et
216 955 342 1022 probitas
366 955 588 1030 coniunguntur
613 955 698 1008 etiam
724 955 759 1006 G.
779 958 823 1010 36.
843 955 892 1008 ubi
911 974 938 1008 v.
960 965 1027 1010 nota
1045 959 1090 1012 3.”
1115 959 1168 1012 Dr.
1205 957 1270 1012 Noa

38 1031 109 1080 urim
129 1025 164 1080 de
185 1031 281 1080 otiosa
298 1055 334 1066 -
351 1028 490 1097 gaudeat:
510 1038 551 1084 est
568 1047 672 1099 mogum
692 1035 748 1080 cet.
772 1027 850 1083 coni.
879 1029 953 1081 Mur.
976 1038 1004 1082 et
1024 1031 1081 1083 Nos
1099 1030 1130 1082 de
1147 1057 1184 1072 -·
1223 1049 1272 1084 ou-

37 1102 107 1152 ieot.
148 1099 207 1152 Est
225 1117 332 1170 magna
350 1100 467 1170 scripsit
486 1101 589 1156 Heum.
628 1100 685 1154 Sed
701 1100 788 1168 plura
808 1098 836 1152 h.
857 1101 878 1152 l.
898 1101 986 1154 verba
1005 1102 1147 1156 excidisse
1167 1049 1269 1158 viden·

38 1183 90 1224 tur.
112 1189 144 1224 v.
166 1171 206 1224 1111
225 1189 286 1241 cap.
306 1174 350 1228 35.
371 1189 398 1224 n.
419 1175 444 1227 5.
464 1201 499 1214 -
535 1193 642 1245 magno
667 1176 723 1226 isto
748 1171 811 1225 edd.
841 1189 941 1227 ornnes
960 1181 1026 1227 ante
1044 1175 1125 1228 Rrot.
1162 1193 1198 1228 m.
1218 1179 1271 1230 illo

38 1243 113 1298 llSS.
136 1245 206 1296 Vnt.
228 1244 271 1298 ed.
291 1245 370 1298 Brot.
390 1243 471 1298 Seeb.
491 1247 542 1298 Dr.
563 1249 607 1300 Os.
630 1275 661 1288 -
688 1248 833 1305 licentiae,
852 1265 935 1316 quom
952 1251 1036 1300 stulti
1053 1249 1208 1302 libertatem
1227 1269 1272 1304 vo·

38 1320 162 1380 roboat,
183 1333 212 1368 v.
233 1316 269 1370 ad
287 1334 312 1370 c.
332 1319 375 1372 29.
395 1333 423 1370 ιι.
437 1320 462 1372 2.
484 1326 513 1372 et
532 1317 568 1372 ad
587 1319 656 1394 Agr.
671 1321 696 1372 4.
718 1336 748 1370 n.
760 1319 785 1372 8.
823 1327 919 1372 occasu
938 1328 1033 1382 recte,
1054 1321 1170 1390 opinor,
1192 1335 1269 1376 corr.

39 1392 145 1443 ileum.
165 1417 207 1430 —
224 1407 312 1444 comes
328 1391 512 1444 seditionum.-
528 1392 672 1446 malebant
684 1390 777 1460 somer
795 1409 816 1443 s.
836 1391 917 1444 Acid.
939 1393 1044 1446 ileum.
1063 1391 1129 1447 scu
1148 1421 1185 1436 ·-
1209 1400 1270 1448 siae

37 1467 171 1516 oeroitute
180 1501 191 1526 ,
212 1463 297 1527 „sine
316 1462 411 1516 debita
431 1463 594 1518 obedientia
613 1481 683 1538 erga
700 1464 790 1538 leges,
810 1465 994 1539 magistratus
1016 1473 1045 1518 et
1059 1465 1191 1520 instituta
1209 1471 1270 1520 ma·

39 1539 152 1598 iorum,
184 1535 256 1588 obrue
278 1534 529 1606 Uuterwirfigleit.
566 1539 611 1590 lta
634 1540 752 1590 servitus
778 1531 870 1602 officii
892 1537 1003 1590 dicitur
1028 1537 1088 1591 Cic.
1117 1555 1146 1610 p.
1172 1541 1268 1594 Plane.

38 1615 191 1666 abscessu
211 1605 359 1662 bonesto.'‘
388 1607 448 1665 sce.
473 1609 520 1662 Or.
562 1610 601 1662 Et
625 1613 743 1664 seruitus
769 1612 840 1662 iuria
865 1609 986 1676 Quintil.
1014 1614 1045 1675 2,
1073 1615 1123 1676 16,
1151 1615 1187 1677 9,
1214 1613 1269 1668 Dr.

39 1685 187 1746 ,8111111111
207 1681 401 1736 videturesse
420 1681 458 1734 id.
480 1682 527 1750 qd.
565 1683 740 1736 obseruantia
766 1681 877 1746 debita,
908 1683 1079 1754 obsequium,
1108 1683 1138 1738 11.
1159 1685 1179 1738 1.
1200 1701 1270 1760 erga

40 1758 50 1808 1
148 1761 179 1808 et
211 1753 396 1828 magistratus
424 1761 453 1808 et
480 1755 631 1826 principes
644 1754 785 1826 xcivitatis
804 1754 840 1808 de
859 1771 891 1807 re
910 1756 1027 1825 publica
1045 1756 1118 1812 bene
1138 1758 1269 1824 meritos,

40 1831 51 1882 1
122 1827 245 1880 εει-111111.
283 1826 328 1878 An
343 1827 400 1902 leg.
419 1827 588 1882 sanitate?'’
612 1829 682 1882 Orel.
711 1832 856 1882 amaritate
868 1828 911 1881 ed.
926 1828 1002 1881 Pith.
1032 1835 1179 1883 securitate
1190 1830 1269 1886 coni.

40 1899 218 1954 hucbenst.
257 1901 371 1952 imitate
395 1901 508 1954 Peerlk.
536 1901 572 1955 de
591 1917 649 1970 quc
667 1920 695 1954 v.
714 1901 751 1953 ad
771 1917 796 1952 c.
817 1905 841 1954 1.
861 1917 888 1953 n.
908 1905 935 1956 4.
973 1901 1050 1968 Quae
1071 1903 1166 1956 omnia
1185 1903 1219 1955 ab
1238 1902 1268 1956 h.

40 1975 58 2026 l.
77 1973 193 2026 aliena.
231 1973 324 2026 Verba
342 1978 402 2026 siae
418 1979 549 2028 sooitrtte
575 1974 713 2043 tanquam
732 1973 875 2048 glossema
894 1974 983 2027 eiecit
1003 1975 1104 2028 ileum.
1126 1983 1156 2028 et
1174 1975 1270 2028 iunxit

38 2051 96 2100 siae
114 2047 248 2115 obsequio
267 2053 415 2100 contuenda
433 2047 502 2100 coll.
522 2047 557 2099 11.
577 2050 614 2111 4,
634 2050 678 2101 74.
705 2053 734 2100 et
755 2045 826 2131 Agr.
846 2048 891 2100 42.
919 2046 969 2098 ubi
988 2047 1142 2118 obsequium
1161 2055 1190 2102 et
1209 2067 1271 2102 con·

38 2123 166 2173 meta
186 2117 240 2170 sibi
262 2127 457 2188 opponuntur.
495 2119 552 2174 Sed
571 2119 635 2172 stili
655 2120 835 2172 concinnitas
854 2119 980 2188 requirit
993 2119 1049 2172 duo
1068 2120 1198 2174 membra
1215 2137 1271 2192 per

39 2207 177 2261 praepos.
215 2195 275 2244 eim
294 2191 481 2261 incipientia3
504 2193 576 2245 Orsi.
587 2221 624 2232 -
642 2211 710 2264 quae
731 2195 760 2246 iu
779 2193 841 2244 bene
859 2196 1021 2246 constitutis
1037 2193 1197 2247 ciuitatibus
1215 2211 1272 2248 nore

39 2272 153 2328 oritur,
174 2265 213 2316 cf.
235 2263 297 2316 Gic.
318 2265 399 2316 Brut.
419 2267 444 2319 2.
465 2271 494 2317 et
514 2267 555 2319 12.
586 2265 638 2334 qui
657 2271 754 2318 tamen
774 2264 862 2337 louge
881 2265 969 2318 aliter
987 2265 1144 2330 sentiebat3
1163 2266 1269 2320 Soluto.

110 2342 139 2392 3.
184 2336 268 2402 Quem
286 2341 358 2390 euim
376 2346 514 2390 omorem
531 2337 796 2397 Lacedaemonium,
827 2355 904 2408 quem
933 2338 1083 2392 Mensem
1110 2343 1271 2408 occepimus,

39 2412 86 2465 vel
107 2409 275 2485 Argivum,
304 2409 493 2463 Corinthium
513 2418 542 2464 et
560 2410 730 2464 Thebanum
749 2420 802 2464 cet.
842 2410 884 2464 01.
911 2411 976 2464 loca
994 2429 1010 2462 a
1029 2411 1108 2481 Lips.
1130 2419 1159 2464 et
1178 2411 1268 2466 Gron.

39 2485 96 2536 iam
119 2481 257 2546 laudata,
277 2481 380 2536 Vellei.
401 2487 432 2548 1,
454 2486 496 2538 18.
526 2483 590 2552 (qui
609 2484 686 2536 idem
705 2483 845 2548 miratur,
883 2499 937 2535 nec
956 2499 1071 2536 causam
1090 2483 1153 2549 dat,
1182 2501 1270 2554 quam

40 2573 144 2610 reram
168 2553 219 2606 bic
248 2553 350 2618 babes;
376 2555 470 2626 Lips.)
500 2554 561 2608 Cic.
591 2555 671 2608 Brut.
693 2559 806 2618 13,19.
834 2562 863 2608 et
883 2555 1002 2622 Quintil.
1022 2561 1059 2620 3,
1078 2560 1110 2622 7,
1131 2559 1176 2611 24.
1214 2557 1271 2610 llic

39 2645 161 2682 causam
183 2624 315 2680 exhibet:
339 2627 432 2682 Minus
450 2629 649 2681 lacedaemone
666 2628 760 2681 studio
778 2631 942 2691 literarum,
964 2645 1047 2698 quom
1064 2627 1201 2691 Athenis,
1227 2629 1273 2682 bo

37 2707 121 2756 roris
139 2700 329 2752 merebuntur:
344 2703 409 2769 plus
424 2706 581 2770 patientia,
593 2700 753 2768 fortitudo,-
772 2700 876 2752 Scbulz.
911 2701 954 2754 01.
975 2699 1073 2770 Spald.
1094 2700 1131 2754 ad
1149 2701 1270 2767 Quintil.

38 2781 70 2838 2,
94 2777 147 2839 16,
167 2777 195 2826 ll.
233 2777 385 2843 occepimus
413 2774 456 2827 ed.
486 2791 531 2844 pr.
557 2773 636 2845 Lips.
657 2773 758 2842 (tacite
779 2789 794 2827 e
814 2791 837 2826 c.
857 2771 943 2825 Fam.
964 2771 999 2825 de
1020 2789 1077 2841 quo
1098 2791 1126 2825 r.
1146 2773 1182 2826 ad
1200 2791 1224 2827 c.
1247 2780 1271 2830 1.

39 2868 67 2899 n.
88 2846 134 2914 3.)
157 2853 189 2898 et
207 2861 266 2898 rec.
303 2851 453 2918 accipimus
472 2846 515 2900 ed.
535 2848 597 2900 Put.
619 2854 647 2900 et
666 2847 719 2900 rel.
741 2846 784 2900 01.
806 2845 842 2898 ad
861 2844 933 2898 Ann.
955 2851 981 2912 1,
1000 2849 1045 2910 67,
1066 2850 1275 2902 1.-1111111-

37 2927 130 2974 simu
148 2921 241 2988 leges.-
267 2917 362 2972 Sobel.
383 2920 460 2972 coni.
499 2923 695 2974 sanctissimae
714 2922 731 2972 l.
760 2936 796 2972 ne
816 2918 891 2970 idem
910 2917 1095 2972 Adiectivum
1114 2927 1272 2989 repetatur.

39 2991 121 3057 „Sed
149 2991 192 3044 ita
214 3007 282 3043 curn
308 2989 438 3060 ernpbasi
465 2993 608 3062 repetitur
634 2994 720 3046 etiam
746 2993 873 3046 omuibus
897 3007 921 3044 c.
940 2996 966 3047 6.
1004 2995 1153 3046 minimum
1172 3001 1201 3046 et
1217 3013 1276 3046 mo-

245 3063 261 3090 r·
359 3067 360 3070 ¹
741 3067 752 3096 7
1036 3071 1041 3082 .

39 3081 175 3192 &naal-c.
185 3067 241 3188 11111.-
258 3063 435 3190 Mliilidddldlie
454 3065 676 3208 qiidelielddnliles
687 3063 936 3206 11111Ιο11111110(1116111ι
955 3072 1105 3207 rllzellllilq.
1128 3137 1272 3208 scripsere

40 3213 104 3281 Rip.
127 3207 198 3262 Sch.
220 3209 268 3262 ob.
287 3209 405 3278 aliique.
426 3227 453 3261 v.
474 3210 509 3262 ad
529 3211 564 3264 ll.
584 3213 616 3276 2,
637 3215 687 3276 76,
708 3217 751 3266 10.
770 3239 806 3250 -
836 3228 870 3262 oc
891 3213 976 3262 ullius
1003 3227 1103 3264 ornnes
1124 3210 1185 3263 edd.
1205 3217 1271 3265 ante

41 3286 119 3336 Ern.
141 3299 199 3334 nec
217 3297 276 3334 non
295 3282 391 3336 Oberl.
412 3290 441 3335 et
460 3282 549 3336 Bekk.
587 3291 638 3336 out
665 3287 750 3337 ullius
775 3281 852 3336 MSS.
882 3283 946 3336 Vat.
974 3282 1037 3336 edd.
1066 3283 1138 3336 Ern.
1167 3283 1270 3336 ileum.

40 3357 106 3426 Bip.
128 3353 199 3408 sch.
221 3355 258 3408 al.
286 3353 330 3406 01.
350 3355 386 3407 ad
405 3355 479 3406 Αιιιι.
501 3358 553 3420 12,
575 3359 726 3420 12,1.-
760 3363 889 3409 contenta
901 3353 998 3422 suerit
1019 3355 1123 3406 melius
1142 3371 1229 3423 quam
1248 3375 1270 3410 c.

33 3429 118 3498 soit,
139 3426 219 3497 quod
239 3425 319 3480 dedit
338 3428 442 3480 ileum.
464 3426 507 3480 01.
527 3427 688 3498 Wopkens.
710 3430 780 3482 obss.
802 3428 882 3480 misc.
902 3430 937 3492 7,
956 3433 981 3484 3.
1001 3444 1028 3496 p-
1049 3430 1112 3484 404.

116 3503 142 3556 5.
184 3498 286 3552 Rhodii
305 3501 434 3569 quidam:
470 3501 530 3564 „Hi
560 3509 640 3556 certe
672 3502 703 3554 iu
736 3509 849 3572 partem
877 3497 963 3552 buius
993 3499 1085 3552 laudis
1112 3498 1272 3553 veniebant.

41 3574 152 3626 1111οᾶἰί
169 3578 294 3624 saniores
313 3580 340 3624 et
356 3575 516 3625 Atticorum
534 3571 685 3628 similiom
705 3573 765 3628 cic.
785 3573 864 3624 Brut.
874 3576 916 3627 13.
955 3571 1038 3625 Unde
1058 3579 1087 3626 et
1105 3587 1195 3645 genus
1215 3573 1275 3626 elo·

42 3647 186 3714 quentiae
204 3645 343 3698 Rhodium
361 3645 534 3710 vocabatur,
567 3647 645 3715 quod
672 3647 797 3699 mixtum
824 3653 886 3700 erat
905 3659 940 3698 ex
959 3643 1055 3697 Attico
1075 3651 1104 3698 et
1123 3643 1226 3699 Asiano
1246 3653 1277 3700 et

42 3719 137 3772 veluti
157 3717 298 3770 medium.
338 3717 443 3772 Cicero
462 3717 524 3788 ipse
543 3719 706 3774 adolescens
723 3720 830 3772 Rornae
849 3717 928 3769 dedit
946 3733 1064 3786 operam
1078 3717 1187 3774 Moloni
1201 3717 1277 3771 Rho·

42 3793 109 3858 dio,
136 3790 190 3859 qui
211 3789 355 3844 dictatore
373 3789 456 3843 Sulla
475 3791 503 3843 le
526 3798 588 3844 atus
607 3793 643 3846 ad
662 3800 792 3845 senatum
812 3790 891 3844 Rom.
912 3797 1041 3842 venerat.
1080 3791 1179 3844 Postea
1198 3789 1275 3846 Rho-

42 3865 112 3916 dum
132 3863 243 3933 petivit
268 3862 366 3928 ibique
390 3881 420 3917 se
445 3808 606 3932 eppficavit
631 3863 667 3917 ad
695 3864 817 3919 eundem
844 3863 997 3927 Milonem,
1032 3879 1118 3932 quem
1147 3864 1276 3934 impense

43 3937 144 3990 laudat
163 3935 194 3987 in
212 3935 295 3988 Brut.
316 3940 360 3991 91.
380 3944 409 3989 et
428 3935 485 3988 al.‘'
506 3935 566 3989 Solu.
604 3936 684 3990 Adde
705 3937 828 4004 Quintil.
850 3937 900 4000 12,
920 3939 974 3994 10,
996 3938 1045 4000 18,
1064 3937 1115 3988 Dr.
1135 3965 1172 3976 -
1187 3936 1277 3990 -Atiu-

43 4015 151 4062 uimses
167 4012 288 4077 plurim
306 4024 404 4061 omnes
424 4007 487 4061 edd.
508 4017 576 4062 ante
594 4009 673 4062 brot.
706 4013 827 4080 pleurimi
844 4007 910 4059 Ati.
931 4005 1006 4060 MSS.
1026 4009 1089 4061 Vat.
1113 4008 1176 4061 edd.
1196 4007 1274 4062 Brot.

43 4083 95 4134 Dr.
116 4083 161 4136 Os.
182 4081 232 4134 Or.
253 4109 289 4120 -
308 4085 405 4134 omniu
422 4099 514 4134 omnes
528 4089 681 4153 poterunt,
702 4101 727 4132 v.
748 4081 783 4134 ad
801 4081 836 4132 11.
856 4082 893 4146 5,
913 4083 948 4144 8,
968 4082 995 4133 4.

115 4159 141 4210 11
180 4155 267 4208 &aar
284 4159 405 4216 errauit,
432 4154 523 4206 instar
541 4155 621 4208 navis
640 4155 835 4230 gubernatore
853 4153 928 4206 bono
947 4152 1080 4205 carentis.
1119 4153 1186 4205 Non
1203 4169 1275 4222 pru·

44 4227 122 4281 tenti
140 4227 254 4280 iudicio
274 4243 324 4278 usa
344 4233 373 4279 et
392 4235 466 4278 certo
485 4231 601 4297 imperio
620 4235 699 4282 recta
718 4235 769 4292 est,
788 4233 901 4280 utente
919 4223 1010 4288 dixit,
1029 4225 1098 4278 Em.
1136 4224 1274 4278 Fluctua-

44 4301 107 4352 vit:
125 4301 155 4352 ni
178 4299 267 4352 malis
286 4304 421 4364 certauits
441 4299 524 4354 libau.
565 4301 607 4354 01.
628 4301 663 4354 ad
682 4317 707 4352 c.
726 4304 770 4354 36.
790 4317 817 4350 ιι.
839 4303 863 4350 1.
885 4325 921 4338 -
955 4299 1040 4350 donec
1056 4317 1086 4350 se
1099 4299 1231 4367 portibus
1250 4306 1275 4350 et

44 4373 259 4428 &carioribus
285 4380 311 4425 et
337 4373 484 4486 diffordiis
513 4377 626 4443 (synon.
655 4373 691 4428 de
716 4387 828 4442 quor.
850 4371 885 4424 ad
904 4388 928 4424 c.
949 4372 974 4426 5.
995 4387 1024 4422 n.
1043 4373 1070 4424 4.
1100 4369 1183 4423 etad
1203 4387 1226 4424 c.
1247 4375 1273 4426 8.
