2770 4792
518 223 659 290 conor
689 226 749 290 nv.
1181 183 1249 294 'ote
1282 191 1287 198 ’

30 392 134 448 honeste
154 393 334 445 exercentur
351 387 515 457 quibusque
534 389 565 444 0.
584 393 628 448 32.
654 395 684 444 et
700 391 738 445 el.
768 397 957 461 opponuntur
976 389 1124 446 iliderolu
1143 397 1173 444 et
1190 408 1248 446 sor·

29 467 94 518 eidos
117 473 213 525 arten,
241 461 382 529 wassoio,
410 469 539 532 sumtus
563 463 719 534 opificum,
744 471 955 529 moratorum,
988 463 1245 531 mercenariorum,

29 535 394 664 attondit?
407 533 773 662 ..iiiititiii
786 536 898 666 iiii
919 540 1034 666 iiii)
1052 535 1247 664 iiiiii·

28 686 87 736 riir'sr
102 685 180 738 nnn
201 687 236 745 3,
255 682 301 737 75.
338 681 430 734 civiles
448 687 524 733 ortes
541 681 612 757 Agr.
633 685 677 737 39.
904 645 913 674 ’
1024 645 1033 674 ’

87 759 111 812 5.
150 755 274 808 mat
291 771 350 805 ame
369 753 404 804 ab
422 753 554 806 illecebris
569 757 757 823 persentisco,
782 751 816 806 eb
836 754 874 807 iis
893 753 997 820 rebus,
1024 770 1097 822 quae
1114 751 1246 810 homines

29 829 56 880 nd
71 827 255 898 peccandum
274 825 391 879 illicere
410 825 512 878 solent.
531 844 559 879 v.
579 827 614 879 ad
631 827 707 879 Anu.
727 829 761 892 2,
781 831 812 890 1,
832 829 915 882 2.-
938 827 1038 880 bonam
1058 829 1247 899 integrcmqoe

29 909 156 961 norm,
177 898 311 952 indolem
329 897 428 964 enimi,
448 901 487 964 (v.
508 897 543 951 sd
562 897 637 952 Anu.
659 903 708 964 13,
730 902 788 963 47.)
808 915 867 952 non
887 906 1055 968 corruptam
1074 901 1246 976 contagione

30 975 162 1028 melorum
191 981 222 1026 et
249 971 381 1024 iusosirn‘s
403 975 591 1041 peccantium,
617 979 651 1024 ut
679 971 729 1025 06.
749 975 792 1029 28.
816 975 888 1024 extr.
916 974 1027 1025 sincero
1046 981 1073 1024 et
1091 977 1205 1044 integra
1221 983 1248 1027 ct

30 1049 102 1098 661116
115 1045 317 1116 pravitatibus
335 1043 442 1096 detorta
460 1052 573 1097 nmo-o.
611 1044 655 1097 Cf.
675 1045 710 1097 66
730 1045 765 1098 G.
785 1049 811 1098 4.
831 1062 860 1096 n.
879 1047 907 1100 2.
925 1071 962 1084 -
987 1048 1089 1098 statim
1103 1049 1246 1114 paruulos,

30 1135 55 1170 es
69 1127 180 1186 estete,
212 1135 291 1188 quoe
310 1123 352 1169 est
376 1132 468 1186 prone
496 1117 532 1169 nd
555 1115 750 1187 pecceudunne
775 1117 845 1169 ΕΜ.
863 1143 900 1156 ·-
922 1118 1009 1170 sedem
1028 1123 1245 1191 octoagesimo

29 1191 166 1246 sudorum
187 1190 345 1244 amilium
363 1187 497 1242 habuerat
514 1197 568 1242 cet.
608 1189 651 1242 ct.
672 1189 709 1242 nd
730 1189 806 1241 Anu.
826 1193 860 1254 4,
889 1193 934 1244 44.
962 1197 991 1243 et
1011 1189 1070 1244 Gic.
1089 1209 1118 1261 p.
1138 1191 1245 1246 Flacco

27 1266 63 1317 28.
95 1265 257 1326 „haiom
279 1269 359 1314 recto
387 1261 466 1314 dedit
490 1262 622 1332 Lipsius;
653 1278 721 1314 nom
745 1261 878 1316 redditur
904 1260 934 1315 ln.
955 1262 975 1316 l.
995 1263 1068 1316 ratio
1088 1265 1149 1318 eius
1168 1265 1246 1335 quod

28 1337 120 1390 fuctum
142 1346 207 1399 est,
234 1335 360 1403 (meiat
376 1363 413 1374 -
430 1335 504 1406 quod
518 1333 665 1399 hainen-nt)
692 1334 816 1402 ideoque
834 1335 997 1402 requiritur
1015 1335 1196 1390 ludicntirus
1216 1346 1245 1392 et

27 1409 97 1462 scrib.
115 1410 170 1464 vel
191 1408 334 1468 hoium
352 1407 402 1460 vel
419 1407 551 1482 ἀορίστως
567 1407 673 1468 holuit,
691 1407 741 1460 vel
758 1405 883 1467 habehat
901 1414 936 1460 ut
953 1407 1079 1461 actiones
1097 1409 1157 1462 sint
1175 1425 1244 1464 con·

27 1481 125 1548 66666,
144 1497 211 1536 non
229 1479 373 1540 hahuerit,
401 1479 478 1551 quod
497 1481 528 1532 in
546 1479 622 1534 MSS.
648 1489 678 1534 et
695 1479 758 1532 666.
777 1487 835 1532 vet.
862 1480 988 1554 legitur,
1013 1496 1108 1548 nequo
1126 1481 1245 1544 haberet,

27 1555 90 1620 quod
108 1555 189 1609 coni.
210 1553 303 1606 Ern.'’
325 1551 427 1605 Wulch
466 1554 571 1606 Nonne
596 1567 666 1606 vero
695 1551 824 1606 hahuerit
847 1551 978 1625 ἀορίστως
996 1552 1078 1606 etde
1098 1570 1181 1608 ceusu
1200 1553 1244 1608 di·

26 1633 92 1679 ctum
111 1626 217 1680 videri
235 1633 345 1698 potent,
365 1632 398 1677 ut
416 1625 490 1678 locis
509 1625 625 1694 abipso
644 1631 673 1680 et
690 1641 706 1678 a
724 1623 858 1677 Dronkio
877 1623 1015 1690 laudetis,
1036 1625 1071 1676 H.
1092 1628 1125 1690 2,
1145 1629 1196 1694 78,
1215 1631 1242 1682 2.

26 1697 83 1750 idon
99 1700 250 1761 hahuerit,
269 1697 329 1750 (iic.
349 1697 437 1750 Acnd.
457 1701 488 1762 1,
508 1703 552 1763 16,
572 1699 615 1753 35.
635 1698 765 1750 incederit
783 1703 813 1750 et
831 1696 906 1749 eliu?
925 1696 968 1750 Gi.
988 1696 1025 1749 sd
1043 1697 1116 1749 Anu.
1137 1703 1180 1762 14,
1197 1705 1241 1755 61.

27 1779 48 1820 ot
63 1773 173 1825 hliiller
192 1771 224 1822 in
244 1768 365 1840 Ephem.
386 1769 431 1821 lit.
452 1769 548 1824 Goott.
569 1786 593 1820 6.
614 1771 694 1824 1826.
714 1785 743 1838 p.
763 1771 842 1823 130⁰.
864 1797 896 1811 -
924 1772 1014 1822 lorum
1040 1769 1145 1824 Graeca
1162 1776 1244 1824 eomi-

23 1851 87 1904 tas,
103 1841 313 1908 emunitate,
333 1849 360 1892 et
373 1845 548 1910 provinciali
565 1839 793 1906 (lmdotiidiieohs
812 1837 952 1905 Stromb.)
968 1845 1165 1910 parcimonia,
1182 1844 1244 1896 fro·

25 1917 147 1988 galileis,
169 1919 292 1968 mistum
310 1931 345 1966 os
362 1913 427 1965 hene
445 1917 640 1984 compositum,
671 1927 741 1982 pro:
765 1913 868 1972 lorum,
894 1917 996 1983 inquo
1016 1915 1244 1968 (incomitum

22 2005 85 2055 proc.
100 1991 289 2059 patrimonia
307 1989 410 2040 mettas
427 1994 507 2038 erant
525 2003 558 2038 ac
575 1986 640 2038 hene
657 1987 834 2054 compositus.
855 2003 882 2036 v.
902 1984 938 2037 ed
957 1987 990 2039 ll.
1011 1991 1044 2052 1,
1063 1991 1099 2052 9,
1118 1988 1145 2041 5.
1171 1993 1243 2054 „mi-

23 2070 84 2114 s‘rnn
102 2062 171 2117 edd.
194 2067 254 2114 vet.
274 2067 304 2112 et
321 2075 380 2111 rec.
418 2057 476 2111 Sed
503 2075 530 2110 v.
556 2057 631 2111 Pier.
661 2057 697 2110 sd
722 2057 802 2132 Virg.
831 2057 901 2118 Aeo.
922 2062 958 2122 1,
976 2063 1040 2116 488.
1061 2067 1091 2114 et
1109 2060 1187 2114 Gort.
1207 2060 1243 2112 ed

24 2133 83 2188 Sall
101 2153 131 2206 p.
151 2136 220 2192 929.
257 2131 348 2185 hieria
366 2130 520 2197 dicuntur,
541 2147 615 2198 quse
634 2129 697 2182 sine
717 2129 818 2184 ordine
836 2129 937 2182 iuncta
955 2139 1036 2198 sunt,
1065 2149 1174 2186 massae
1192 2150 1241 2185 ro·

24 2207 79 2272 ies,
96 2207 239 2262 homines
258 2211 286 2257 et
305 2221 365 2268 nee,
392 2211 425 2254 ut
443 2203 583 2276 αροςμίξαι
606 2219 650 2274 up.
675 2201 762 2272 Soph.
782 2202 858 2256 Phil.
878 2207 939 2258 108.
959 2211 988 2257 et
1006 2204 1113 2258 Herod
1131 2209 1159 2270 7,
1180 2208 1241 2260 188.

23 2287 169 2351 composita
188 2293 271 2343 vero,
288 2285 322 2329 ut
340 2277 447 2347 δειλαίᾳ
465 2277 648 2348 συγκέκραμαι
667 2273 720 2348 δύᾳ
737 2292 782 2345 ap.
800 2273 888 2345 Soph.
899 2275 996 2352 Autig.
1017 2279 1116 2334 1312.”
1136 2277 1241 2331 Wolrh.

83 2359 108 2411 o
129 2359 164 2408 in
184 2357 279 2421 primu
298 2353 423 2402 &mentae
441 2349 472 2400 in
491 2365 515 2400 c.
534 2349 598 2404 Vet.
617 2349 696 2405 3429.
715 2353 810 2416 prima
828 2351 860 2400 in
879 2351 932 2402 ineo.
952 2350 1029 2418 quod
1056 2351 1242 2404 anonnullis

22 2437 168 2498 receptum
191 2432 241 2478 est.
261 2451 298 2462 -
325 2421 447 2476 studium
463 2420 651 2492 philosophiae
669 2426 777 2483 amires,
802 2420 946 2485 interius,
975 2422 1128 2488 subtilius,
1153 2423 1241 2477 vehe-

23 2503 151 2565 mentins3
171 2497 204 2549 J.
223 2496 270 2548 Fon
291 2495 376 2548 Gron.
395 2495 464 2549 coll.
487 2493 516 2548 0.
536 2499 581 2551 33.
601 2493 664 2547 cic.
685 2493 720 2548 66
739 2509 781 2548 or.
800 2493 833 2559 2,
853 2497 878 2548 3.
898 2493 1000 2548 lustin.
1021 2497 1071 2560 12,
1092 2498 1134 2550 16.
1154 2493 1242 2550 Simi-

23 2571 55 2624 lin
72 2591 99 2626 v.
121 2574 155 2625 in
177 2569 242 2624 lud.
262 2570 300 2623 Π.
320 2573 413 2622 norim
431 2567 541 2621 Adiect.
561 2573 591 2620 et
608 2583 694 2620 sensu
713 2565 913 2636 Gompmetivi
930 2565 1000 2619 setis
1017 2573 1096 2620 uoto.
1119 2569 1242 2621 studium

22 2645 114 2712 philos.
138 2662 176 2697 ac
203 2647 273 2696 iuris
302 2641 376 2695 coni.
397 2638 475 2693 Pich.
508 2647 537 2694 et
561 2639 675 2708 recepit
699 2639 760 2692 Jac.
785 2637 875 2691 Gron.
921 2637 977 2692 Sed
1004 2638 1161 2704 Massiliae,
1199 2641 1241 2694 ci·

22 2717 101 2772 ritate
129 2718 263 2782 Graeco,
297 2713 371 2766 iuris
399 2712 495 2768 studia
510 2711 636 2786 vignniese
654 2710 732 2764 houd
751 2710 887 2774 credam,
906 2709 975 2763 ΕΜ.
1012 2711 1107 2777 „luris
1127 2725 1242 2780 quoque

21 2792 135 2844 edentia
153 2790 263 2843 Romae
282 2803 399 2858 semper
416 2786 448 2838 in
465 2783 577 2837 honore
596 2793 677 2850 eret,
696 2781 888 2853 philosophiae
905 2799 976 2836 vero
994 2783 1138 2848 studium,
1164 2785 1242 2853 quod

21 2865 94 2938 segni
115 2864 180 2917 otio
199 2859 350 2932 praetendi
369 2857 555 2922 credebatur,
576 2857 703 2910 Romano
721 2863 889 2910 normaton
906 2855 1073 2931 indignum
1102 2872 1161 2910 non
1179 2873 1242 2910 om-

20 2953 52 2989 ne
69 2937 216 3005 quidem,
241 2932 291 2986 sed
319 2931 395 3002 quod
424 2949 439 2983 s
468 2929 551 2983 rebus
571 2929 706 3005 gerendis
724 2936 858 2983 avocaret
876 2945 914 2982 ne
957 2929 1026 2982 666
1045 2929 1240 2998 eloquentiam

20 3017 43 3060 st
61 3005 324 3061 administrandam
342 3021 433 3074 remp.
460 3003 538 3055 viem
560 3009 712 3057 sterneret.
749 3004 900 3056 Praeterea
945 3001 968 3054 is
994 3002 1186 3072 temporibus,
1206 3003 1242 3056 ob

20 3081 187 3144 Helvidios,
216 3077 368 3143 Thressas,
394 3077 524 3129 Rusticus
543 3075 672 3144 aliosque
690 3073 830 3129 libertatis
848 3073 997 3142 vindices,
1021 3074 1147 3128 maxims
1165 3075 1241 3128 invi·

19 3151 60 3206 din
83 3153 166 3224 apud
192 3151 342 3221 principes
366 3149 506 3226 ilngrebet
531 3145 703 3218 philosophi
728 3148 815 3218 (inpr.
844 3145 951 3215 Stoici)
978 3150 1114 3200 nomen.”
1140 3148 1240 3219 Erepsi.

21 3225 58 3278 ct
86 3235 160 3280 notu
190 3228 216 3280 8.
254 3225 327 3276 Anu.
357 3227 392 3288 3,
418 3224 462 3278 75.
488 3225 542 3287 14,
569 3221 612 3276 57.
637 3223 691 3288 16,
720 3221 763 3275 22.
805 3221 841 3273 ll.
865 3223 899 3286 4,
923 3221 949 3274 5.
988 3219 1019 3274 0.
1039 3223 1083 3276 31.
1120 3220 1177 3274 Dio
1195 3223 1241 3286 66,

22 3301 58 3352 12
94 3299 174 3353 lude
194 3305 222 3351 et
248 3295 361 3366 expulsi
379 3295 536 3366 sapientise
552 3295 738 3364 professores.
758 3311 786 3346 v.
801 3292 837 3346 od
856 3309 881 3345 c.
900 3294 926 3347 2.
948 3310 977 3344 u.
997 3295 1023 3348 3.
1044 3299 1073 3346 et
1091 3292 1188 3346 Gerre
1206 3293 1242 3346 sd
1301 3297 1304 3302 '

20 3371 72 3424 Cir.
93 3371 147 3426 off.
167 3373 247 3436 2,1.
283 3367 367 3422 Nihil
386 3365 482 3422 verius
501 3383 588 3436 quam
606 3365 668 3442 legi
686 3368 779 3419 norim
795 3369 923 3436 ultroque
940 3383 1043 3436 qum,-
1061 3364 1139 3434 Lips.
1158 3366 1240 3434 prob.

21 3443 86 3497 Em.
115 3443 188 3514 quin
212 3441 364 3517 vulgatum
392 3435 504 3510 aliquid
528 3438 699 3493 offensionis
720 3437 832 3492 hebeat.
858 3437 927 3493 ‘Sed
945 3441 1038 3492 acrius
1057 3445 1100 3491 est
1117 3437 1240 3502 Adiect,

20 3533 71 3568 nou
93 3513 222 3569 Adverh.
240 3543 276 3555 -
296 3511 602 3575 hausisse,lnnosuru1n
619 3513 723 3578 fuisse,
741 3519 775 3564 ut
792 3509 866 3564 Anu.
885 3515 917 3576 4,
936 3514 981 3568 28.
1000 3514 1154 3581 rogitasse,
1172 3507 1241 3563 ΕΜ.

22 3597 46 3638 et
65 3587 177 3642 Waleh.
216 3585 477 3652 (lindoinum,
502 3589 546 3642 61.
584 3584 641 3638 Sed
667 3582 837 3638 Ramshorn.
858 3583 956 3636 Grem.
975 3600 1005 3652 p.
1024 3583 1085 3638 585.
1105 3581 1181 3635 hooc
1199 3583 1242 3635 di·

23 3662 146 3716 etionem
166 3661 259 3714 refert
277 3659 313 3712 ad
331 3658 512 3723 ἐλλοαηικάς,
531 3657 566 3710 66
586 3657 688 3727 quibus
713 3675 741 3710 v.
761 3655 823 3710 lud.
843 3657 897 3710 111.
917 3674 944 3708 v.
966 3657 1104 3726 syllepsis·
1140 3656 1243 3709 limeri-

21 3751 62 3794 n,
82 3743 119 3786 ut
136 3733 169 3788 0.
190 3735 235 3788 28.
254 3737 299 3788 30.
319 3740 349 3786 et
366 3733 402 3786 al.
422 3733 537 3804 penitus
556 3737 585 3783 et
603 3729 687 3783 eride
704 3729 866 3799 percipere.
904 3728 1051 3782 Similiter
1068 3727 1181 3787 hotcrire
1198 3747 1243 3782 oo-

22 3808 151 3874 luptaies,
170 3805 298 3859 imbibere
316 3809 410 3860 animo
429 3813 458 3859 et
475 3805 540 3859 sim.
559 3831 596 3842 —
614 3805 753 3855 incensum
770 3819 802 3855 ao
812 3803 987 3875 flagrantem
1005 3818 1044 3856 ec.
1064 3800 1157 3855 studio
1176 3799 1242 3873 phi-

22 3879 80 3932 loso
104 3877 181 3933 hiae.

81 3895 121 4007 ll.
159 3952 286 4014 Scilicet,
303 3969 330 4004 u.
351 3949 387 4006 ad
404 3949 477 4004 nnn
499 3955 530 4016 1,
549 3953 577 4016 8,
595 3952 640 4004 14.
678 3965 700 4002 6.
721 3947 763 4002 66.
783 3949 846 4002 Put.
865 3951 892 4005 2.
911 3952 938 4003 3.
957 3977 993 3990 -
1011 3949 1125 4002 sublime
1143 3956 1171 4000 st
1188 3965 1242 4000 ere-

23 4031 95 4076 dm
117 4028 258 4096 ingenim
277 4041 377 4094 synon.
418 4024 482 4080 Seio
500 4023 583 4077 hohor
600 4021 660 4076 und
675 4020 877 4091 messtrsbsnoler
896 4023 984 4084 Sinni
1007 4023 1091 4074 Dcsd.
1128 4019 1241 4078 Erectus

21 4103 136 4150 ssim
153 4099 260 4150 dicitur
281 4097 318 4151 ll.
342 4101 374 4162 2,
394 4099 437 4153 48.
466 4101 499 4164 3,
518 4097 563 4154 65.
601 4103 703 4148 rectum
727 4093 788 4148 666.
809 4101 865 4148 vet.
886 4101 950 4148 ante
969 4093 1047 4164 Lips.
1065 4099 1102 4136 »¹-
1120 4092 1242 4162 pulchri-

23 4172 146 4222 tudinem
164 4187 197 4222 αα
213 4174 326 4240 speciem
346 4187 444 4240 synon.
464 4177 513 4223 eut
530 4169 620 4242 perio
639 4168 684 4222 6ιᾶ
703 4167 779 4222 docto
794 4165 869 4220 dicto
886 4183 940 4239 pro
950 4167 1092 4235 pulchram
1110 4169 1240 4234 speciem,

25 4241 112 4293 Both.
130 4245 207 4312 pm.
226 4261 253 4295 v.
265 4243 302 4296 ed
310 4243 420 4306 Anni,
432 4248 457 4300 8.
478 4251 507 4297 ct
521 4241 681 4299 Induis.
702 4239 901 4309 Hendiodpoin.
920 4239 976 4294 Sed
985 4246 1084 4310 species
1094 4245 1242 4312 augetpo-

23 4317 82 4364 tint.
103 4317 158 4368 vion
177 4316 390 4384 pulchritudinis
410 4333 527 4384 eamque
545 4315 685 4390 designet,
704 4331 759 4384 qne
778 4315 871 4367 oculis
889 4313 1038 4366 hominnm
1058 4327 1087 4364 so
1105 4310 1239 4380 praeben

26 4387 117 4440 hers.
134 4387 164 4440 iu
183 4389 249 4443 lsex.
268 4389 335 4442 Tac.
356 4407 385 4460 p.
406 4389 526 4442 hxxxt.
546 4391 661 4458 speciem
679 4405 797 4459 magone
821 4389 985 4456 excelsosque
1009 4387 1115 4456 gloriae
1134 4399 1158 4434 c.
1179 4383 1239 4436 Vst.

1053 4661 1064 4690 t
