2792 4792
410 199 552 265 CAPUT
580 199 771 266 XXXVIII.
1147 209 1207 273 165

40 365 87 417 alere
105 381 198 418 comam
221 381 312 436 eaque
330 367 529 435 promittenda
555 367 700 443 gaudere,
725 375 759 421 ut
777 366 852 422 Ann.
871 376 905 435 3,
924 375 969 429 69.
1007 376 1084 442 sequi
1109 372 1204 426 amla-

38 441 103 489 tinnn
116 439 227 508 bugin)
246 439 385 491 nonnulli
404 440 553 514 colligunt
571 457 685 510 quoque
705 442 803 496 crines
823 458 927 514 eosque
952 445 983 497 in
1002 445 1112 499 vertice
1132 445 1202 498 reli-

37 517 87 581 gut;
107 509 169 578 quod
194 509 306 564 cultum
332 511 476 580 quendam
502 513 723 582 exquisitionem
775 514 883 568 rodit.'’
912 516 978 570 ‘Sed
1004 521 1082 588 aequi
1100 522 1201 577 otium,

36 587 156 643 uictine,
172 587 385 644 aeternitatem,
404 587 587 649 commodum,
605 604 698 655 spem,
726 531 869 653 officium,
888 593 1043 650 rationem,
1062 591 1207 642 adulatio,

34 673 71 706 rm
83 663 144 709 recte
159 655 275 724 quidem
295 663 324 708 et
342 659 455 726 tropice
474 658 534 711 dici
553 675 608 728 pro
627 659 796 734 indulgere,
816 659 968 730 affectare,
997 663 1097 716 Genn.
1118 661 1201 716 nnch·

33 727 97 795 gebo,
110 743 158 780 non
172 731 287 798 rupilius
306 733 398 800 aequi,
416 731 475 783 iam
494 731 609 784 monuit
626 729 720 784 Dilth.
767 733 885 787 Inversa
903 733 1092 804 metaphora,
1126 751 1199 802 quae

33 800 117 852 hetin
133 801 212 854 uerbo
227 805 395 870 promittere
414 803 530 856 barbam
551 803 599 856 rel
618 805 731 870 crines,
757 805 904 874 capillum
929 824 1076 876 nunquam
1096 807 1198 860 deton-

33 891 70 924 sun
90 881 111 926 et
129 890 235 944 semper
258 882 436 928 crescentem
455 876 522 942 rel,
550 883 582 928 ut
606 877 646 930 ite
676 876 820 944 dixerim,
849 879 1087 952 progredientem
1113 883 1200 950 sequi,

33 961 89 1012 uque
108 962 135 998 eo
156 946 246 1014 quoad
273 955 398 1013 crescat,
426 948 524 1002 dicere
547 967 631 1002 ausus
659 956 718 1013 est3
748 949 831 1002 Orell.
871 951 953 1003 lianc
972 952 1199 1022 explicationem

31 1019 133 1086 mplems
149 1025 187 1072 est
205 1019 285 1072 lless.
306 1027 336 1073 et
352 1019 440 1072 rerba
459 1019 555 1074 Taciti
574 1021 671 1074 lucem
690 1021 823 1090 accipere
842 1021 914 1074 ‹ticit
933 1040 949 1077 e
967 1022 1045 1078 Suet.
1066 1024 1197 1078 011115.

32 1089 148 1156 initientur
169 1095 302 1160 capillum
320 1109 442 1145 revocem
460 1111 474 1144 e
491 1095 592 1146 uertice
610 1103 775 1154 assueverat,
795 1101 824 1148 et
842 1093 909 1148 Seu.
929 1095 964 1149 de
983 1096 1063 1152 brer.
1083 1097 1135 1148 vit.
1156 1099 1199 1150 12.

32 1161 70 1214 luu
82 1172 121 1215 eut
135 1165 243 1218 disiecta
261 1183 339 1217 como
357 1168 536 1228 restituitur,
561 1174 613 1251 aut
638 1166 762 1235 deficiens
776 1164 855 1254 ¹ltine
872 1176 953 1254 atque
973 1171 1054 1254 illinc
1072 1171 1103 1221 in
1114 1167 1202 1237 fron·

31 1303 419 1380 .
427 1238 505 1382 1·
522 1239 834 1383 1111111
843 1240 1202 1368 ’.1.1111·.1

29 1391 253 1448 ,memnonem
280 1382 330 1436 vel
357 1391 508 1438 retrorsum
526 1391 656 1456 torquent
674 1383 722 1438 vel
741 1393 816 1437 retro
833 1393 946 1438 oemunt
964 1385 1080 1439 aliudve
1099 1385 1201 1440 substi-

30 1454 135 1521 tuendum,
158 1465 185 1510 et
213 1459 275 1522 ipso
300 1462 350 1507 aut
367 1458 425 1509 solo
443 1457 577 1527 spurium
598 1475 657 1510 esse
675 1465 787 1526 putant.
832 1457 870 1510 Et
888 1475 956 1510 sane
976 1461 1082 1512 incolo
1100 1463 1201 1511 uertice

30 1523 234 1584 1111111862.
255 1535 285 1578 et
305 1529 395 1602 hung.
416 1529 459 1582 ed.
480 1531 552 1582 Nor.
572 1529 653 1584 Rom.
674 1529 768 1584 Oberl.
787 1529 870 1583 Seeb.
888 1529 978 1583 Bekk
1000 1531 1074 1583 hin.
1096 1534 1202 1601 inipso

29 1613 41 1646 t·
54 1597 107 1652 llSS.
123 1600 177 1653 Vat
196 1601 278 1656 2901.
299 1607 328 1653 et
347 1600 453 1677 stuttg.
475 1600 566 1670 (quod
583 1603 672 1654 unice
690 1619 795 1654 rerum
823 1619 882 1655 esse
900 1602 1051 1656 contendit
1069 1602 1149 1656 Seeb.
1171 1603 1202 1654 in

30 1667 74 1720 libl
89 1673 142 1723 crit
168 1691 190 1726 a.
211 1676 292 1729 1810.
317 1690 346 1743 p·
365 1678 428 1728 301.
447 1676 524 1739 302.)
543 1674 587 1728 ed.
606 1673 716 1726 Ditlun.
744 1683 772 1728 et
794 1675 857 1742 Bip.
893 1678 951 1730 eolo
971 1679 1002 1727 in
1020 1678 1120 1726 vertice
1138 1676 1200 1727 Par.

29 1738 61 1792 Sed
73 1745 98 1795 in
110 1747 162 1814 ipeo
178 1749 238 1800 solo
255 1765 280 1799 o.
300 1745 414 1810 (Germ.
433 1747 534 1818 gerade
553 1747 612 1800 und
628 1765 682 1800 nur
699 1745 755 1814 nepl
768 1747 827 1798 dem
847 1747 976 1812 Scleitel)
999 1745 1063 1799 cod.
1082 1748 1200 1798 Humm.

29 1814 104 1867 eto.
121 1817 158 1870 ed
180 1836 228 1889 pr.
248 1819 309 1871 Pur.
330 1819 368 1870 Po
411 1857 418 1870 .
443 1821 519 1876 Mon.
549 1820 633 1872 Vien.
658 1817 749 1871 llhen.
769 1823 794 1872 1.
816 1822 843 1874 2.
861 1824 887 1875 3.
910 1819 982 1872 Ern.
1003 1819 1095 1894 hung.
1116 1817 1200 1872 Bred.

29 1887 274 1956 pupmbmteass.
288 1889 378 1944 Orell.
420 1889 487 1944 ilth.
508 1891 588 1944 Hess.
609 1892 678 1958 quia
696 1891 839 1944 alterutro
858 1892 962 1946 omisso
983 1891 1119 1964 langueat
1138 1905 1202 1942 orae
1248 1935 1253 1944 .

26 1957 50 2006 tio
62 1967 82 2009 et
96 1977 144 2012 non
161 1963 247 2014 modo
266 1959 346 2022 αὐτὸς
364 1961 478 2013 dicatur
495 1978 550 2030 pro
569 1958 668 2030 μόνος,
686 1961 736 2014 sed
753 1970 910 2030 utrumque
930 1965 1018 2014 etiam
1037 1969 1096 2012 tem
1116 1979 1133 2014 a
1144 1959 1200 2014 llo·

28 2030 144 2094 111110.
163 2034 192 2086 0.
212 2035 239 2087 5.
260 2041 288 2086 et
308 2032 367 2086 Cic.
387 2033 471 2084 Verr.
492 2038 523 2097 1,
543 2035 584 2096 2)
609 2050 695 2101 quam
721 2051 737 2085 a
758 2033 878 2086 Graecis
897 2048 1108 2100 nonnunquam
1129 2047 1200 2084 con·

26 2099 1198 2232 11110·011..”.1..’·.1”·.”.1’.’111010’1.1·

26 2247 108 2312 uterne
127 2250 182 2301 Par.
206 2251 233 2302 R
255 2267 311 2302 en..
329 2255 354 2304 1.
382 2250 414 2302 in
442 2267 534 2324 marg.
560 2251 633 2303 Ern.
655 2195 755 2325 limem.
781 2249 843 2320 Bip.
873 2251 910 2302 el.
932 2195 1073 2322 rffligamr
1091 2266 1116 2302 c.
1135 2249 1198 2299 Vnt.

27 2317 74 2372 ltu
87 2323 152 2376 2001.
171 2329 198 2375 et
218 2323 312 2398 hong.
333 2322 376 2376 ed.
396 2323 467 2375 Nor.
487 2321 569 2375 Rom.

66 2431 84 2480 5.
114 2429 250 2500 Principes
284 2433 324 2496 (v.
349 2429 385 2484 ad
410 2447 435 2483 c.
455 2433 498 2484 11.
519 2448 547 2482 n.
568 2431 608 2495 1.)
632 2437 660 2481 et
678 2433 850 2484 ornatiorem
874 2428 975 2482 lenient
994 2430 1147 2500 capillum.
1173 2436 1200 2479 et

24 2493 87 2551 [iem.
108 2502 169 2554 aeccle
195 2503 286 2569 wohl,-
317 2502 423 2556 Geintlr.
460 2511 619 2555 ornatorum
648 2503 723 2556 coni.
771 2500 902 2555 Freinsh.
929 2519 1044 2556 servum
1075 2498 1198 2554 ornandi

23 2571 91 2637 upilli
103 2576 236 2644 peritum.
274 2575 378 2628 Priscis
396 2583 493 2628 turnen
503 2574 657 2628 Germanis
676 2591 735 2628 non
754 2575 849 2626 minus
865 2591 951 2642 quam
961 2573 1094 2627 Romanis
1109 2573 1198 2624 fuisse

25 2652 142 2713 imatores,
170 2655 329 2715 cosunetas,
366 2647 518 2701 ciniflones
542 2667 563 2700 s.
596 2647 775 2711 cinerarios,
811 2647 861 2698 vix
882 2645 1078 2710 crediderim,
1107 2659 1199 2712 quan·

23 2729 76 2778 quan
91 2719 166 2774 rerba
184 2739 264 2790 seqq.
286 2719 316 2773 id
335 2719 454 2774 suadere
472 2729 585 2775 censeat
605 2719 700 2774 Oberl.
740 2717 782 2771 cf.
803 2717 839 2770 ad
852 2735 877 2770 c.
897 2721 941 2774 25.
962 2736 989 2770 n.
1010 2721 1035 2773 2.
1057 2724 1085 2770 et
1105 2716 1197 2786 intpp.

23 2783 110 2844 lureual.
126 2797 159 2860 0,
176 2797 241 2852 177.
260 2797 357 2850 100-
367 2796 430 2849 507.

64 2901 83 2953 d
114 2901 152 2954 Eu
164 2921 235 2956 euru
244 2899 367 2970 formae,
385 2901 434 2954 sed
449 2903 584 2954 innoxia:
603 2903 778 2972 nequeenim
797 2909 828 2954 ut
845 2906 1142 2958 ament-ornentur,
1161 2897 1197 2948 cf.

23 2976 96 3026 ”2²2
127 2976 186 3028 Hoc
203 2991 296 3027 unum
314 2976 427 3027 ferinae
445 2971 584 3026 adhibent
603 2974 795 3038 lenocinium,
815 2973 864 3027 aed
883 2975 1035 3027 innocens:
1054 2969 1200 3040 haudqua-

24 3047 178 3114 monim,
196 3056 232 3099 ut
249 3047 397 3100 releuant
417 3061 451 3100 eo
470 3046 644 3115 pudicitiam
663 3047 857 3116 prostituant,
884 3047 934 3100 vel
952 3046 1063 3099 alienae
1082 3043 1199 3096 insidias

23 3119 113 3182 huot,
138 3121 184 3174 sed
210 3127 243 3172 ut
271 3127 398 3172 staturae
425 3119 541 3188 aliquid
569 3118 708 3172 adiiciant
727 3127 757 3174 et
774 3127 921 3173 terrorem
941 3119 985 3172 sui
1005 3123 1129 3192 augeant
1147 3114 1199 3168 ho·

23 3183 123 3256 *leoque
139 3193 234 3244 oculis
251 3191 498 3245 fonnidebilioree
516 3200 684 3258 occurrant,
713 3199 776 3244 trum
802 3192 928 3244 maxiine
946 3199 1093 3244 comuntur
1111 3195 1139 3240 et
1158 3205 1202 3238 or-

23 3267 105 3320 mein,
121 3281 208 3333 quum
229 3265 261 3315 in
280 3264 372 3316 eciem
390 3263 463 3315 ituri
481 3271 562 3316 sunt:
588 3271 621 3315 ut
638 3263 759 3318 bostim
779 3267 864 3317 oculis
882 3272 1038 3321 ornantur,
1062 3270 1199 3328 tunquam

23 3323 107 3386 leiim
130 3355 163 3406 ap
184 3335 317 3390 rebaturi
343 3335 505 3389 terrificam
532 3337 677 3406 speciem,
705 3337 732 3388 J.
752 3337 798 3388 Fr.
820 3337 904 3390 Gron.
943 3338 1075 3390 innneiae
1098 3348 1199 3385 omnes

23 3397 69 3455 ¹58.
85 3415 140 3461 ete
225 3411 342 3462 innoxia
365 3424 445 3461 corr.
475 3408 566 3460 Gron.
596 3409 644 3462 Ob.
665 3409 748 3463 Bred.
773 3411 810 3462 al.
848 3409 1023 3483 Relragatur
1040 3403 1197 3466 Pessovius,

23 3475 121 3538 etheo
133 3481 298 3534 annotavit:
323 3481 475 3546 „Formam
494 3481 598 3550 ipsam,
622 3482 671 3533 cui
691 3483 911 3550 exquisitiorem
930 3479 1006 3533 hanc
1026 3475 1199 3559 adhibebant

23 3555 95 3614 unm,
113 3553 173 3608 iore
191 3554 269 3606 dixit
287 3557 445 3613 innoxiam,
463 3553 574 3622 quippe
589 3569 663 3620 queo
677 3553 756 3606 nihil
770 3562 889 3608 noceret
900 3569 1016 3606 morum
1034 3551 1198 3620 integritati

23 3622 177 3678 emerituri:
195 3627 327 3681 hostium
342 3627 420 3680 enim
433 3625 527 3679 oculis
539 3633 684 3680 terrorem
695 3627 839 3680 incessuri
848 3625 1042 3679 comebantur.
1063 3619 1206 3672 Alterum·

23 3691 91 3770 {lette
111 3699 256 3774 lengnet’'
302 3699 360 3752 Sed
384 3697 534 3768 epitheton
558 3698 656 3752 minus
679 3700 791 3754 formae
817 3697 969 3762 convenit,
997 3711 1084 3764 quam
1111 3707 1198 3744 curae

23 3773 109 3814 101·-
130 3775 322 3842 nequeenim,
341 3778 488 3824 uternent
510 3779 683 3832 amentum,
706 3775 754 3836 (ut
779 3772 928 3842 placeant)
953 3767 1053 3822 sedin
1072 3765 1202 3818 altitudi-

23 3845 196 3968 tue
215 3847 265 3969 1
286 3843 806 3974 ’00101111
819 3846 982 3972 cul
997 3841 1122 3986 111

58 3949 66 3959 '
185 3953 193 3977 5
258 3955 265 3969 ⁰
374 3956 381 3969 ⁸
438 3955 445 3970 ⁸
495 3957 502 3969 ι
559 3955 566 3970 e
723 3955 730 3970 e
785 3955 793 3983 5
844 3954 854 3981 9
901 3955 908 3967 ι
926 3957 932 3968 .
1123 3949 1129 3961 ι
1192 3945 1200 3961 e

23 3975 60 4031 litt
72 3985 248 4043 distinctione
272 3989 396 4043 admisse
415 3989 483 4043 satis
501 3988 602 4044 lucent
620 3991 721 4052 verba,
748 4007 842 4058 neque
867 4005 938 4058 opus
957 3987 1014 4040 erit
1032 4001 1134 4039 eorum
1153 3981 1202 4034 vel

23 4057 201 4125 *repositione
219 4063 268 4116 vel
286 4061 499 4116 emendatione.
539 4064 569 4115 in
592 4062 773 4117 altitudinem
797 4069 825 4113 et
849 4070 982 4114 terrorem
1007 4060 1035 4114 lv
1062 4057 1109 4111 0ιά
1127 4054 1204 4108 lacte

23 4135 67 4184 pn:
86 4133 114 4183 in
137 4135 322 4188 altitudinem
347 4135 513 4188 terribilem
531 4137 580 4188 vel
600 4137 632 4189 in
650 4136 739 4188 altum
759 4141 788 4188 et
806 4134 965 4188 terrificam
985 4130 1118 4201 speciem.
1157 4124 1202 4176 Gi.

23 4191 59 4248 lul
81 4203 127 4258 lll.
149 4227 177 4261 v.
206 4207 408 4279 Hendiudycin.
445 4218 592 4262 armentur
616 4225 671 4279 pro
697 4215 837 4262 ornantur
864 4207 920 4260 MS.
941 4204 1037 4258 Bemb.
1056 4205 1204 4280 ermnulfi?

23 4265 70 4322 051.
84 4277 137 4330 lat
156 4283 237 4337 1862.
256 4289 285 4334 et
303 4281 394 4354 hung.
415 4280 457 4334 ed.
478 4281 547 4334 Nor.
568 4282 649 4336 Rom.
668 4283 730 4334 Par.
768 4281 831 4334 lloc
859 4278 957 4334 urrbit
977 4273 1136 4348 hougolio,
1168 4269 1205 4320 11·

23 4335 53 4392 Μ
68 4347 158 4418 lipsio.
196 4354 307 4406 nelituri
324 4383 361 4394 -
378 4362 518 4408 ornantur
536 4355 598 4410 siue
616 4355 746 4408 distinct.
768 4355 811 4408 ed.
831 4371 877 4424 pr.
898 4369 956 4405 non
977 4345 1097 4418 improb.
1125 4343 1206 4396 lless.
