2770 4792
449 271 590 337 CAPUT
611 273 737 338 XVIII.
1142 281 1204 344 261

43 437 240 501 natavisse
257 439 396 512 ἀμφοτέρῃ
414 457 465 510 σφι
483 436 607 512 ἐχώρησε.
644 445 729 506 preat
742 457 787 510 pr.
806 457 841 500 a,
859 449 992 495 terrorem
1010 449 1124 498 caeteris
1135 443 1202 514 fore

39 514 125 562 aniana
139 513 189 565 Vet.
207 516 287 570 3129.
317 511 418 564 Glossa
443 530 478 566 ex
492 513 534 565 H.
554 515 590 575 2,
618 513 662 566 211.
691 511 889 582 deprompta.’'
917 515 1022 569 Walelr.
1067 525 1203 570 terrorem

39 587 101 635 erate
115 583 169 651 sore
192 585 295 639 dedere
314 583 401 637 Beck.
420 594 449 638 et
467 586 547 638 Hert.
568 584 659 637 eiecta
677 599 749 638 voce
767 589 905 639 uniuersa
953 587 996 642 De
1015 591 1074 644 eius
1093 591 1201 659 repeti-

38 653 250 710 tenendam
271 661 302 721 1,
323 660 371 722 16,
390 661 416 712 3.
480 661 483 666 '

82 765 100 816 5.
128 763 226 818 Monam
251 768 388 826 insulam,
414 783 441 818 v.
461 765 496 817 ad
514 766 588 818 Ana.
610 768 661 828 11,
680 767 725 820 29.
751 793 787 804 -
813 769 892 822 cuius
912 771 1083 843 possessione
1108 772 1147 836 (v.
1168 769 1204 826 ad

38 831 82 884 ina.
101 839 129 895 2,
149 839 175 898 5,
197 841 240 901 2)
264 846 415 890 revocatum
436 837 463 890 P.
484 867 520 878 —
542 856 628 908 supra
645 842 811 904 memorant,
841 857 901 911 cap.
923 844 964 896 11.
986 843 1026 897 15.
1048 847 1090 899 16.
1129 842 1204 896 Ante

38 912 86 958 aeas
98 908 149 978 Bip.
167 911 272 979 aliique
291 911 380 966 tacite
399 911 586 964 inseruerunt
604 927 702 982 praep.
722 931 757 970 a,
782 913 864 966 cuius
888 915 1006 968 omissio
1026 915 1113 968 etiam
1133 915 1205 966 dura

39 979 115 1030 ridetur
129 981 285 1036 flamshorn.
306 983 404 1036 Gran.
424 1001 452 1054 p.
472 987 533 1039 688.
552 1002 580 1054 y.
620 981 677 1048 „At
696 983 738 1036 sic
759 983 793 1036 G.
807 989 848 1038 11.
872 992 987 1057 erigunt
1003 989 1143 1058 principis
1161 990 1206 1040 eui

37 1053 155 1106 liberalitate
176 1058 330 1109 bellatorem
355 1075 465 1128 equum,
491 1057 570 1130 Virg.
599 1057 633 1108 G.
659 1059 687 1120 1,
707 1059 749 1112 88.
780 1057 901 1112 ductores
927 1063 986 1110 aee'e
1015 1061 1205 1115 revocaveris.'’

40 1123 107 1175 teat
137 1127 174 1180 cf.
198 1129 233 1180 ad
256 1145 279 1180 c.
308 1133 351 1183 13.
381 1149 408 1182 n.
429 1134 454 1186 6.
475 1159 510 1168 -
538 1137 569 1180 ut
595 1133 625 1181 ln
645 1130 734 1198 dubiis
753 1133 879 1183 consiliis
898 1132 984 1192 „fieri
1004 1134 1085 1186 solet.
1124 1141 1156 1184 ut
1176 1133 1207 1202 in

38 1198 181 1253 salitiosam.
200 1218 276 1254 corr.
297 1201 387 1255 Gran.
413 1203 481 1271 quia
510 1210 622 1254 certum
651 1201 747 1272 potius
774 1203 864 1255 fuerit
891 1201 947 1257 hoc
968 1203 1125 1258 consilium
1144 1211 1208 1274 post

37 1271 138 1332 proelium
155 1273 317 1326 seeundum.
363 1273 419 1328 Sed
448 1275 507 1326 iam
527 1271 667 1326 antehoc
691 1275 839 1344 proelium
859 1285 954 1330 mente
973 1277 1078 1351 agitari
1097 1283 1209 1348 etpost

36 1339 273 1400 illutmanrescere
291 1347 398 1416 potuit.
436 1348 530 1398 Dubia
549 1349 666 1431 consilia
684 1355 768 1413 sunt,
797 1363 921 1416 quorum
952 1357 1073 1402 eventus
1094 1357 1136 1402 est
1156 1349 1208 1400 da-

36 1409 82 1477 bias,
96 1415 224 1482 incertus,
246 1427 273 1472 et
292 1419 384 1472 dubiis
402 1419 515 1490 passivo
534 1437 617 1472 sensu
637 1418 764 1484 dictum,
788 1427 821 1470 ut
839 1419 917 1473 Suet.
939 1422 1011 1498 Aug.
1033 1425 1075 1478 17.
1095 1419 1131 1472 11.
1152 1423 1210 1474 An-

34 1491 82 1536 teali
93 1493 233 1543 societatem
250 1510 356 1562 semper
374 1491 483 1544 dubiam
504 1500 529 1542 et
548 1494 709 1546 incertam.”
739 1491 844 1544 Waleb.
883 1493 926 1546 cf.
953 1493 988 1546 ad
1012 1493 1047 1546 G.
1068 1498 1093 1549 6.
1116 1511 1143 1545 n.
1165 1494 1207 1546 15.

35 1555 187 1616 Pnetennitto
205 1563 331 1617 aliorum
351 1565 575 1634 explicationes,
603 1563 819 1625 distinctiones,
845 1567 1047 1634 supplementa
1068 1574 1097 1620 et
1115 1574 1209 1616 trans-

34 1631 152 1693 positiones.
169 1665 202 1676 -
222 1641 300 1690 ratio
319 1645 345 1688 et
363 1640 526 1692 constantia
543 1638 639 1698 (lueis,
663 1637 723 1689 eius
742 1637 896 1706 prudentia
916 1646 944 1690 et
963 1639 1056 1692 aniani
1076 1637 1209 1696 firmitas,

33 1708 139 1758 traseae
155 1710 258 1778 copias.
297 1709 340 1762 01.
361 1727 419 1780 seq.
458 1709 518 1762 Cur
538 1725 597 1762 non
617 1712 844 1762 transvexerunt?
863 1728 888 1761 v.
909 1710 945 1762 ad
964 1711 1038 1762 Anu.
1060 1712 1172 1776 12,15.

74 1797 93 1848 ts
122 1799 278 1854 lectisee'mos
297 1803 480 1854 miliarium
490 1835 499 1861 ,
517 1803 614 1872 quibas
631 1827 668 1838 -
687 1817 765 1852 usas:
782 1800 964 1861 „Germanos
983 1819 1017 1854 aa
1035 1799 1210 1870 praesertim

32 1860 117 1919 ituros.
150 1871 189 1923 De
214 1873 278 1924 illis
301 1891 328 1924 v.
353 1875 387 1925 H.
414 1876 450 1940 5,
471 1878 514 1930 11.
541 1881 570 1926 et
595 1879 712 1940 praeter
730 1873 801 1926 alios
822 1873 895 1926 Mela
914 1877 947 1939 3,
968 1877 994 1928 3.
1015 1873 1049 1926 de
1068 1871 1116 1926 bis
1134 1871 1213 1944 Ana,

32 1934 81 1993 223.
98 1949 121 1993 et
136 1943 188 1997 Dio
207 1948 264 2008 69,
283 1943 327 2002 9.”
348 1945 425 1998 Vird.
464 1946 507 1999 cf.
527 1945 563 1998 ad
582 1945 617 1997 H.
638 1949 665 2010 1,
686 1946 730 2010 12,
751 1949 775 2000 7.
813 1943 892 2011 „Sed
912 1945 1007 1998 intell.
1027 1946 1125 2016 potius
1145 1945 1212 1998 Bri·

30 2012 88 2062 anni.
117 2016 193 2068 Unde
212 2017 293 2070 enim
313 2016 466 2072 Gennanis
485 2035 519 2070 ac
537 2016 650 2070 Batavis
669 2025 737 2070 nota
754 2015 824 2070 vada
848 2017 927 2068 inter
945 2017 1019 2069 Brit.
1050 2026 1078 2070 et
1098 2019 1211 2070 Monam

31 2077 133 2135 insulam?
166 2087 221 2141 Sed
252 2097 280 2141 et
306 2105 353 2142 res
382 2091 444 2159 ipsa
470 2106 529 2144 non
557 2105 659 2141 nova:⁴
675 2107 741 2141 nam
761 2089 862 2142 eodem
882 2091 944 2141 fere
964 2087 1049 2142 modo
1070 2091 1126 2142 iant
1145 2095 1212 2139 ante

31 2145 90 2204 lttlt
109 2173 191 2211 annos
216 2159 373 2214 Suetonius
402 2163 538 2216 Paulinus
556 2162 670 2230 equites
690 2175 754 2213 suos
778 2161 986 2214 transmiserat.
1017 2179 1044 2212 v.
1071 2159 1146 2212 Ann.
1166 2161 1211 2222 11,

30 2219 68 2270 W
87 2228 148 2280 Beck.
192 2232 276 2286 conf.
304 2233 339 2286 de
366 2234 514 2288 Britannis
544 2233 733 2286 arixiliaribas
764 2250 824 2303 cap.
850 2237 893 2290 29.
919 2242 948 2287 et
971 2234 1014 2290 32.
1047 2233 1098 2288 sed
1123 2239 1152 2285 et
1177 2231 1214 2282 de

32 2287 105 2346 aava
131 2299 163 2350 11.
187 2308 220 2368 1,
249 2306 285 2358 12
308 2314 382 2359 extr.
411 2335 447 2346 —
490 2325 543 2377 quo
571 2309 658 2359 simul
681 2325 759 2378 seque
786 2315 813 2358 et
835 2325 916 2362 arma
943 2314 968 2357 et
992 2324 1071 2376 equos
1098 2310 1213 2376 regunt,

30 2379 44 2410 t·
61 2366 85 2418 ed
107 2370 137 2422 G.
161 2378 185 2426 1.
222 2392 253 2428 n.
279 2381 303 2428 1.
357 2379 429 2444 „Ex
460 2378 506 2432 his
535 2379 631 2432 verbis
669 2379 844 2449 explicanda
880 2380 934 2432 illa
970 2377 1043 2430 Anu.
1080 2381 1134 2440 11,
1167 2378 1211 2432 29.

30 2433 101 2504 steila
120 2446 182 2497 eaelo
207 2453 297 2501 secuti
316 2460 364 2502 aut
382 2455 496 2506 altiores
516 2455 590 2504 tnta
608 2452 696 2506 undae
714 2454 848 2506 adnantes
868 2456 942 2524 equis
961 2454 1159 2508 transmisere,
1185 2456 1214 2502 et

30 2507 85 2576 aa,
101 2517 131 2570 12
142 2527 212 2572 extr.
237 2521 343 2575 nates.
362 2553 398 2562 -
418 2529 462 2578 aa
480 2533 608 2594 repente,
633 2534 665 2576 ut
684 2543 729 2595 ap.
757 2525 834 2578 oses.
854 2524 880 2576 s.
901 2523 936 2576 a.
959 2528 991 2588 1,
1011 2525 1054 2577 52.
1084 2521 1148 2574 aa.
1166 2521 1212 2585 27,

27 2583 145 2654 1111265
172 2591 281 2647 Walcle.
318 2595 441 2651 Emend.
468 2597 532 2650 biv.
561 2615 589 2667 p.
609 2599 672 2652 252.
693 2627 728 2636 -·
757 2601 893 2656 immisit,
912 2613 939 2646 v.
961 2595 997 2647 ad
1015 2595 1090 2646 Ann.
1112 2596 1145 2657 6,
1167 2595 1211 2646 15.

28 2681 48 2691 “
61 2661 218 2730 mysach·
235 2665 345 2730 hostes,
364 2677 397 2722 ut
416 2687 440 2723 c.
460 2673 504 2724 25.
525 2677 554 2724 et
572 2671 635 2723 aiv.
655 2673 687 2735 2,
709 2674 750 2724 10.
773 2671 847 2738 (ipsa
866 2669 1001 2721 miracula
1020 2667 1152 2719 audactae
1171 2667 1214 2716 ob-

26 2731 130 2798 ‘ttesm’t
152 2736 257 2806 hostes)
288 2756 375 2807 quern
400 2742 502 2795 locum
529 2743 561 2794 in
585 2743 683 2795 animo
701 2740 832 2804 habuisse
852 2739 956 2804 credo,
979 2739 1049 2792 Ern.
1088 2735 1214 2790 Marcius

27 2817 53 2866 ’1-
67 2806 115 2858 biv.
131 2811 180 2876 25,
198 2815 245 2867 38.
283 2813 452 2875 Audiamus,
481 2816 555 2886 quael
575 2817 650 2866 creela'
674 2833 729 2866 non
755 2822 846 2883 potest
862 2829 981 2866 ausuros
1000 2831 1067 2864 nos:
1094 2831 1123 2864 ea
1143 2814 1216 2879 s'pso,

27 2877 275 2946 teldolatttimum
293 2886 415 2947 videtur,
426 2888 604 2957 facillimum
623 2891 696 2951 erit‚·
720 2887 796 2942 Vere.
816 2915 852 2926 -
870 2889 920 2957 qai
938 2888 1070 2946 classem,
1098 2886 1147 2954 qui
1165 2901 1215 2934 na-

26 2963 60 3006 aa,
73 2957 112 3020 qui
127 2974 202 3008 mare
220 2961 428 3026 exspectabant,
447 2960 476 3012 h.
498 2978 521 3014 e.
543 2960 719 3014 violentiam
738 2961 845 3028 maris,
864 2975 946 3012 mare
964 2957 1123 3022 turbidum,
1143 2955 1220 3034 litus¹

26 3015 249 3082 investitatum
261 3031 480 3105 navigantibus,
494 3034 583 3084 Boett.
594 3034 625 3084 in
631 3033 700 3086 Lex.
713 3033 780 3086 Tac.
796 3049 823 3103 p.
834 3031 939 3084 LXXV.
948 3031 998 3083 ubi
1008 3029 1043 3082 ad
1054 3036 1212 3082 construet.

25 3105 184 3179 llttgnentem
193 3101 254 3156 hoc
266 3105 402 3157 refertur.
429 3105 540 3171 „Ludit
550 3105 676 3172 Tacitus,
688 3113 721 3157 ut
737 3107 820 3170 solet,
832 3119 892 3158 uno
903 3104 992 3157 verbo
1003 3102 1110 3154 duabus
1122 3099 1214 3174 signi-

19 3161 163 3226 ‘fieatroaibus
175 3175 373 3244 respondente
382 3177 546 3231 nominibus
558 3178 690 3231 diversis.
724 3179 780 3245 Qui
789 3180 912 3237 classem,
924 3180 974 3247 qul
984 3193 1067 3228 naues
1080 3181 1214 3242 exspecta-

24 3235 66 3320 4721
79 3251 125 3308 est,
143 3249 193 3314 qui
211 3248 368 3318 putabant,
395 3268 546 3320 nunquam
572 3253 653 3320 tore,
677 3257 710 3302 ut
736 3251 858 3304 Romani
886 3256 1004 3322 possent
1023 3265 1071 3302 eos
1089 3245 1212 3328 aggredi

24 3327 61 3364 eae
74 3316 151 3372 classe
170 3329 220 3372 aut
240 3321 492 3391 qualibuscunque
510 3323 642 3376 navibus.
682 3323 738 3391 Qui
755 3341 832 3376 mare
850 3321 1055 3391 exspectabant,
1082 3319 1134 3387 qui
1160 3316 1214 3370 sibe

19 3397 195 3458 'Pronoean
221 3395 320 3462 ipsum
345 3413 426 3448 mare
443 3411 499 3465 pro
519 3411 604 3448 muro
624 3395 695 3464 ipsis
722 3397 786 3448 fore
805 3402 892 3464 atque
912 3411 1028 3446 accessu
1045 3389 1212 3463 prohibitu·

19 3459 64 3510 'aa
78 3459 238 3519 Romanos.”
260 3465 345 3518 Gran.
382 3467 426 3520 Cf.
446 3467 483 3520 ad
502 3483 526 3520 c.
547 3471 590 3522 3⁰.
610 3485 639 3520 n.
658 3469 683 3522 2.
704 3467 823 3520 adAnn.
842 3471 870 3532 2,
889 3470 935 3532 20,
954 3467 980 3520 2.
1019 3465 1122 3518 Sensus
1141 3463 1213 3516 bene

24 3543 149 3602 ’3111551155
176 3538 228 3592 sed
246 3558 322 3593 mare
346 3537 374 3592 h.
395 3540 416 3592 l.
437 3549 480 3593 est
498 3540 640 3592 obstantia
659 3541 768 3604 enoris,
797 3547 826 3592 et
854 3547 1007 3609 esspeetare
1034 3545 1093 3590 tam
1113 3535 1148 3588 de
1168 3553 1211 3590 se·
1269 3561 1272 3568 ¹

19 3605 94 3670 ἰ1111,
115 3627 200 3677 quam
220 3611 259 3664 de
276 3611 395 3666 adversa
413 3613 534 3666 fortuna
553 3613 676 3664 dicitur:
706 3629 796 3680 quare
825 3629 885 3666 non
905 3611 940 3666 de
959 3616 1112 3694 zeugmate
1129 3609 1212 3684 cogi-

19 3663 118 3744 lendan,
138 3683 247 3737 Walele.
284 3688 364 3738 navis
383 3686 445 3737 Vae.
465 3689 545 3742 3129.
583 3689 634 3756 qul
657 3702 734 3738 mare
752 3688 943 3753 respectabant
967 3690 1055 3736 tacete
1073 3697 1211 3752 reposue-

19 3759 66 3824 jflffll
84 3752 140 3824 Bip.
165 3756 244 3845 Eng-
269 3756 381 3810 Schliit.
407 3761 457 3828 qai
480 3777 608 3812 camaras
627 3777 648 3810 s.
676 3775 805 3810 cameras·
826 3777 895 3828 exsp.
917 3755 995 3810 coni.
1016 3753 1115 3808 Claud.
1137 3753 1211 3808 Bou-

19 3821 126 3896 11111·-
142 3837 190 3880 atet
209 3833 363 3893 enatam,
382 3829 577 3898 invincibile,
608 3831 687 3900 quod
703 3830 786 3882 vinci
806 3847 866 3884 non
888 3835 1000 3900 posset,
1027 3835 1062 3880 ut
1079 3827 1211 3894 detentor.

19 3903 39 3938 ἲ.
51 3893 96 3947 lad
111 3899 160 3952 111.
179 3919 209 3954 v.
231 3901 390 3972 Pantctpe‘a
408 3903 497 3957 Praet-
516 3923 590 3973 pass.
607 3923 661 3974 pro
678 3903 833 3956 Aetnaeae
853 3906 884 3956 in
904 3903 952 3954 ilis
971 3901 1164 3954 desinentibus.

66 3987 86 4036 7·
116 3991 201 4046 clerus
221 4011 256 4044 aa
273 4011 393 4064 mugnus
410 3993 506 4048 hubert
522 3995 676 4065 Agricola,
696 3995 733 4045 cf.
754 3992 887 4063 Thucyd.
910 3999 943 4058 1,
964 3997 1006 4048 13.
1028 3999 1056 4044 et
1075 3990 1155 4044 Gort.
1175 3990 1211 4042 ad

24 4043 132 4114 1111011
151 4069 184 4128 1,
204 4069 232 4119 1.
255 4067 308 4130 53,
328 4071 354 4119 1.
373 4093 410 4104 -
435 4067 510 4138 qaod
529 4075 635 4136 tempus
660 4069 717 4119 alte·
745 4065 848 4140 Legati
864 4081 917 4134 per
934 4067 1144 4118 ostentationem
1163 4071 1211 4115 aut

19 4119 140 4208 ,fitiorum
165 4141 304 4192 metense
327 4141 507 4211 transigunt,
532 4143 568 4192 cf.
595 4138 631 4191 ad
648 4139 724 4190 Ana.
744 4141 780 4205 1,
803 4140 829 4192 2.’
867 4137 1008 4212 „Legatis
1026 4135 1211 4206 provinciam

25 4203 214 4270 ardentibus
233 4210 351 4281 publice
370 4211 571 4281 privatimque
589 4210 816 4274 occurrebatur,
837 4209 1115 4264 commendabantur
1133 4207 1210 4259 civi-

24 4273 77 4340 111,
91 4283 168 4336 xenia
185 4282 418 4338 missitabantur.
437 4303 465 4338 v.
482 4285 593 4358 Digest.
615 4284 664 4336 lib.
685 4288 711 4338 1.
732 4283 779 4335 eit.
800 4287 844 4337 16.
864 4281 901 4336 de
920 4283 968 4336 off.
990 4283 1070 4333 Proc.
1092 4288 1122 4333 et
1139 4281 1180 4333 Le
1204 4319 1210 4330 .

19 4335 95 4424 111.
110 4357 133 4408 6.
151 4365 180 4408 et
195 4359 246 4413 7.”
276 4356 354 4408 Brot-
392 4358 512 4426 Pompas
537 4356 589 4409 bic
616 4355 796 4430 cogitemus,
822 4354 940 4408 urbium
968 4353 1137 4426 ingressus,
1161 4297 1211 4436 ab·

27 4421 125 4480 tlustina
142 4427 338 4484 multitudine
358 4429 503 4498 celebres,
523 4428 685 4495 sacrificia,
704 4428 820 4499 epulas,
843 4426 1032 4482 salutationes
1049 4425 1163 4495 aliaque
1183 4424 1213 4475 nl
