2792 4792
196 213 269 299 Ιιοο
563 199 1076 268 oummnaemiuauu

206 375 310 430 Graec.
329 372 362 426 Τ.
383 371 446 438 111,
467 375 491 425 1.
519 387 547 440 p.
566 370 628 425 283.
655 368 713 432 lv,
741 368 832 436 ³21³·
854 370 916 424 127.
951 364 1079 420 8016οο
1105 364 1137 420 Τ.
1159 365 1182 416 1.
1212 381 1241 435 p.
1260 364 1395 422 302-3,

208 445 307 504 Barth.
326 447 363 500 ll.
382 461 410 516 p.
429 449 491 500 310.
511 447 574 499 317.
594 442 700 496 Anton.
719 440 766 492 IV.
787 457 815 509 p.
837 443 897 496 185.
918 439 996 492 Hans
1014 437 1048 490 Τ.
1069 439 1092 491 Ι.
1112 455 1141 508 p.
1163 439 1223 493 127.

280 537 324 592 15.
360 537 473 606 plusque
489 533 547 594 itt,
576 533 608 584 in
627 529 799 595 Germania,
828 531 895 583 3οηί
916 547 1006 583 meres
1022 531 1131 589 caknt,
1159 545 1240 600 quem
1258 527 1331 580 altos
1348 529 1394 580 tor

210 611 296 681 leges,
316 625 351 662 ex
368 607 453 658 malis
471 604 600 658 moribus
619 611 709 658 ortae.
729 602 773 654 Cf.
793 609 860 656 nota
881 606 922 656 11.
944 603 1019 655 Anu.
1039 606 1066 666 3,
1085 603 1136 668 25,
1157 606 1182 655 1.
1202 606 1238 666 3,
1256 603 1304 655 26.
1323 603 1366 656 27.

207 685 251 736 20.
272 681 333 733 Ιιίν.
353 683 404 741 31,
423 682 448 732 d.
469 677 539 731 Sall.
560 677 619 731 cit.
638 679 664 733 9.
693 673 774 746 Virg.
795 675 865 728 Aen.
884 679 917 740 7,
937 678 999 731 203.
1020 678 1082 731 201.
1118 674 1266 738 lustin.2‚
1285 675 1312 726 2.
1341 674 1394 726 Bar

207 753 237 824 §.
257 757 318 810 650.
337 749 461 806 Weiske
479 767 507 820 p.
525 751 628 820 256sq.
649 756 678 801 et
695 747 854 799 lliillmann
874 747 990 801 Staatsr.
1011 745 1037 800 d.
1057 745 1184 800 Alterth.
1204 764 1233 817 p.
1251 745 1314 801 ³54.
1355 749 1389 810 „l

231 825 292 879 ibus
311 823 429 892 scriptis
449 821 589 876 Germani
609 821 688 875 Saec.
711 819 745 872 V.
766 821 811 871 uti
831 827 1009 890 coeperunt,
1036 835 1096 888 quo
1114 820 1146 872 in
1163 817 1331 889 provincias
1350 819 1390 872 lio

208 904 351 951 irruentes
370 893 477 950 horum
496 909 610 964 quoque
628 894 707 969 leges
721 898 936 962 assumpserunt
952 899 1127 962 receptaque
1144 891 1253 966 religio
1270 888 1392 944 christia

206 971 319 1042 pariter
346 985 379 1020 ac
404 973 513 1019 mutata
538 968 610 1036 reip.
632 965 761 1034 ipsorum
791 966 884 1017 forma
902 963 1016 1038 legibus
1035 965 1165 1018 ferendis
1184 963 1328 1017 dederunt
1349 980 1395 1018 oc.

208 1044 325 1096 sionem.
361 1039 584 1109 Antiquissimae
603 1045 669 1090 sunt
687 1037 767 1114 leges
786 1036 966 1090 Francorum
992 1035 1104 1091 Salices
1122 1037 1201 1091 Seec.
1220 1035 1253 1088 V.
1274 1043 1304 1088 et
1323 1037 1368 1090 Ge
1389 1062 1393 1083 ι

207 1109 718 1168 mmsisc.vl.1atae.”natmar.
762 1109 975 1162 Germanorum
1001 1109 1095 1184 leges,
1123 1108 1295 1178 capitularia
1326 1117 1356 1162 et
1373 1111 1395 1160 f·

208 1187 299 1248 mulas
319 1184 395 1237 colle
417 1192 503 1238 erunt
522 1182 692 1248 sichardus,
713 1181 875 1246 Heroldus,
895 1180 1146 1258 Lindenbrogius,
1165 1180 1319 1250 Belmina,
1341 1182 1395 1236 Ge·

207 1258 321 1334 gisch„
341 1199 521 1322 heiinitius,
542 1255 701 1320 (lanciani,
721 1253 907 1308 Muretorius.

674 1382 866 1438 CAPUT
903 1381 960 1434 XX.

285 1476 325 1538 ln
360 1477 450 1539 omni
489 1473 585 1538 domo
625 1474 707 1537 nudi
740 1493 778 1536 ac
811 1471 939 1536 sordidi
977 1475 1012 1535 in
1043 1473 1101 1534 hos
1132 1481 1246 1554 artus,
1287 1475 1326 1534 in
1356 1473 1394 1534 ha

205 1579 369 1644 corpora,
392 1579 475 1643 quae
497 1561 680 1640 miramur,
702 1567 907 1622 excrescunt.
952 1554 1020 1620 Sua
1041 1577 1204 1640 quemque
1225 1567 1337 1619 mater
1358 1579 1394 1618 ιιι

205 1647 298 1707 ribus
319 1644 401 1722 alit,
441 1662 502 1706 nec
523 1645 649 1705 ancillis
670 1662 709 1704 ac
731 1643 917 1707 nutricibus
940 1637 1142 1726 delegantur.
1192 1639 1377 1704 Dominum

204 1747 340 1792 servum
359 1728 459 1790 nullis
490 1723 694 1790 educationis
724 1723 850 1788 deliciis
880 1723 1061 1812 dignoscas.
1113 1723 1206 1786 Inter
1231 1723 1350 1786 eadem
1388 1752 1394 1777 ·

203 1831 301 1889 cora,
335 1812 370 1871 in
399 1807 512 1872 eadem
540 1810 643 1871 humo
670 1807 812 1894 degunt,
852 1807 956 1871 donec
984 1817 1073 1872 aetas
1105 1815 1236 1890 separet
1257 1809 1395 1894 ingenu

202 1897 315 1957 virtus
336 1900 500 1978 agnoscat
543 1889 625 1954 Sera
647 1894 807 1955 iuvenum
822 1892 951 1972 Venus,
974 1911 1079 1974 eoque
1099 1892 1296 1954 inexhausta
1312 1913 1395 1974 spur:

204 1987 262 2039 tas.
311 1975 383 2038 Nec
404 1978 551 2059 virgines
572 1977 792 2038 festinantur:
824 1975 937 2037 eadem
958 1977 1114 2056 iuventa,
1144 1975 1262 2036 similis
1284 1993 1392 2058 proce

202 2069 271 2139 tas,
301 2067 400 2144 pares
421 2057 615 2142 validaeque
636 2061 835 2138 miscentur,
858 2077 896 2120 ac
917 2059 1038 2120 robora
1059 2065 1235 2142 parentum
1260 2059 1365 2120 liberi

203 2149 325 2206 lerunt.
375 2139 538 2204 Sororum
559 2144 637 2204 liliis
659 2141 747 2206 idem
768 2139 858 2226 apud
879 2145 1102 2220 avunculum,
1142 2143 1202 2226 qui
1233 2140 1276 2202 ad
1305 2151 1387 2225 patr

202 2228 318 2290 honor.
364 2221 506 2306 Quidam
527 2227 724 2288 sanctiorem
744 2229 990 2308 crederemque
1011 2227 1102 2288 hunc
1121 2246 1244 2288 nexum
1260 2229 1386 2310 sangui

201 2312 432 2389 arbitrantur,
454 2310 543 2372 etin
564 2308 764 2394 accipiendis
785 2307 958 2372 obsidibus
978 2311 1082 2394 magis
1104 2330 1122 2372 e
1148 2311 1155 2326 '
1179 2317 1252 2387 unt,
1274 2317 1386 2392 tanqu

202 2397 227 2454 ii
249 2403 283 2456 et
304 2394 450 2454 animum
472 2392 621 2470 firmius,
644 2403 677 2455 et
698 2391 832 2454 domum
853 2395 951 2455 latius
969 2401 1110 2455 teneant.
1190 2390 1306 2455 eredes
1323 2401 1377 2454 tar

202 2493 475 2561 successoresque
496 2477 549 2538 sui
580 2478 701 2560 cuique
727 2477 840 2548 liberi,
877 2485 911 2538 et
939 2479 1069 2538 nullum
1098 2483 1350 2538 testamentum.

202 2561 301 2622 liberi
322 2579 388 2620 non
414 2569 504 2636 sunt,
527 2561 700 2642 proximus
722 2559 844 2646 gradus
867 2561 901 2622 in
922 2561 1127 2644 possessione
1147 2563 1281 2637 fratres,
1304 2571 1394 2640 patr

159 2715 167 2732 α
203 2645 370 2707 avunculi.
415 2643 547 2724 Quanto
567 2645 643 2727 plus
664 2647 949 2728 propinquorum,
980 2663 1046 2727 quo
1066 2647 1174 2704 maior
1194 2645 1392 2705 affinisunr

203 2749 339 2806 uterus,
358 2734 452 2790 tanto
473 2729 654 2812 gratiosior
675 2735 844 2804 senectus3
866 2749 927 2792 nec
948 2731 1016 2791 ulla
1037 2725 1192 2792 orbitatis
1213 2729 1337 2810 pretia.

275 2829 299 2877 l.
336 2824 372 2876 ln
390 2826 469 2880 omni
485 2825 564 2882 ᾰοηιο
583 2825 652 2878 nudi
668 2841 760 2894 paene
780 2829 818 2892 (v.
839 2826 876 2880 sd
894 2843 919 2879 c.
938 2830 965 2884 6.
986 2843 1014 2880 n.
1033 2826 1073 2896 7.)
1092 2843 1126 2878 ar
1143 2825 1264 2888 sordidi,
1292 2833 1330 2877 ut
1362 2846 1395 2879 n

200 2895 386 2966 ‚potissimum
405 2895 508 2950 rustici
526 2914 559 2949 ac
578 2915 720 2967 pauperes
739 2913 897 2968 eorumque
917 2897 1058 2964 infantes,
1084 2896 1209 2968 squalidi
1227 2898 1337 2952 sndore
1363 2900 1389 2951 1.

203 2968 341 3036 ribusque
360 2974 419 3022 tam
439 2969 556 3022 rusticis
575 2986 661 3037 quam
681 2969 854 3026 domesticis.
894 2969 936 3026 Cf.
968 2971 1099 3026 Gebaner
1124 2989 1153 3042 p.
1173 2973 1279 3042 284sq.
1308 2971 1378 3042 Epi

203 3047 255 3094 ton
272 3039 381 3092 sordidi
402 3057 419 3092 a
445 3041 545 3094 multis
571 3039 608 3094 ad
627 3042 721 3096 solum
745 3044 902 3110 vestitum,
931 3044 1021 3098 vilem
1049 3052 1078 3098 et
1105 3043 1260 3108 detritum,
1291 3047 1364 3098 refe
1394 3070 1395 3089 ι

202 3113 270 3166 Νοιι
289 3119 331 3166 est
348 3129 419 3165 vero
438 3112 517 3180 quod
544 3115 584 3166 ita
613 3113 714 3170 intelli
736 3123 814 3176 amr,
841 3135 914 3187 quae
941 3117 1059 3186 insuper
1078 3116 1195 3190 ingrata
1213 3123 1289 3172 esset
1307 3117 1378 3172 dats

203 3183 309 3238 Galatis
346 3185 412 3238 Post
427 3185 538 3240 sordidi
561 3187 683 3240 munna
727 3187 859 3242 istinctie
886 3190 979 3260 posita
997 3191 1028 3244 in
1046 3189 1138 3244 Rhen.
1160 3193 1183 3244 1.
1205 3196 1235 3244 et
1251 3189 1328 3242 min.

202 3257 252 3310 hes
270 3263 350 3310 areas
367 3267 589 3384 -Αέἴὲιασιὴ
618 3277 643 3314 r.
662 3259 699 3314 ad
718 3278 743 3314 c.
765 3264 791 3315 4.
812 3279 838 3316 ιι.
859 3265 885 3318 5.
924 3267 955 3316 ιἰι
978 3261 1044 3316 baec
1070 3279 1189 3332 corpora
1216 3264 1387 3318 amicastu

204 3337 329 3383 crescunt
347 3346 373 3382 c.
429 3363 430 3366 =
497 3371 503 3384 .

273 3403 299 3456 2.
337 3401 393 3454 Suc
410 3421 538 3475 quemque
555 3412 662 3467 meter,
682 3405 730 3458 cui
745 3421 887 3460 mammae
905 3421 962 3460 uon
981 3407 1089 3461 frustra
1108 3405 1198 3470 datae,
1217 3407 1358 3462 uberibus
1388 3440 1395 3457 .

115 3537 120 3548 ¹
203 3483 236 3528 ut
259 3483 287 3528 et
305 3475 411 3530 limnas
437 3476 543 3545 priscis
570 3477 763 3546 temporibus,
794 3498 856 3537 aar,
884 3485 917 3532 ut
941 3478 1049 3534 ibidem
1073 3478 1181 3532 seriori
1203 3495 1291 3546 seve,
1318 3501 1387 3536 ane

204 3548 356 3600 Graeculis
375 3550 581 3603 senatricibus
600 3551 757 3603 aut'servis
777 3551 941 3623 delegantur
960 3560 988 3605 et
1007 3551 1041 3604 ab
1059 3548 1105 3604 bis
1125 3562 1379 3621 corrumpuntur

203 3621 304 3672 fantes.
343 3618 387 3674 cf.
407 3619 443 3674 ad
459 3621 529 3694 Agr.
559 3625 586 3676 l.
614 3638 641 3672 n.
663 3625 688 3676 d.
717 3622 748 3676 0.
770 3625 814 3679 28.
839 3626 885 3680 29.
921 3624 997 3678 Plin.
1015 3641 1080 3694 pan.
1102 3627 1144 3680 13.
1182 3623 1309 3678 Macrob.
1335 3631 1385 3693 5,

204 3691 325 3758 Quintil.
348 3697 376 3758 1,
396 3695 428 3757 2,
448 3697 517 3763 (isq.
548 3694 622 3746 Plut.
644 3693 678 3747 de
697 3693 781 3749 liber.
802 3695 884 3750 educ.
911 3696 984 3767 Opp.
1009 3695 1101 3750 T.11.
1128 3700 1248 3764 1131.
1282 3698 1384 3754 Gell.

204 3768 230 3817 1.
250 3763 311 3828 (ubi
330 3764 422 3840 verbe.
436 3764 574 3819 Favorini
592 3765 765 3838 philosophi
791 3769 871 3822 lectu
898 3767 1079 3844 dignissime)
1109 3766 1189 3824 Suet.
1213 3767 1319 3824 claud.
1359 3779 1384 3831 2

204 3834 337 3889 Gebauer
353 3853 381 3906 p.
400 3839 452 3892 281
460 3855 502 3906 sq.
543 3837 632 3892 Ubera
653 3839 827 3912 plerumque
850 3841 947 3898 bestiis
972 3849 1002 3896 et
1023 3857 1159 3896 mmmm
1186 3837 1373 3902 hominibus

201 3905 340 3960 buuntur.
377 3909 532 3980 „Delegare
556 3916 599 3964 est
627 3911 722 3964 vocab.
744 3913 830 3978 iuris,
859 3915 938 3984 quod
965 3913 1001 3973 de
1020 3913 1165 3968 creditore
1183 3929 1274 3984 aeque
1294 3935 1338 3970 ac
1367 3922 1393 3974 tl

202 3986 266 4034 tore
276 3988 448 4048 usurpatur:
467 3999 533 4036 nain
546 3982 674 4038 creditor
689 3984 816 4053 aliquem
831 3985 956 4062 delegat,
977 3986 1024 4040 cui
1041 4003 1192 4040 numerem
1207 3985 1266 4056 ipsi
1282 3987 1369 4044 debi

200 4049 316 4134 debitor
333 4049 408 4104 mihi
427 4053 542 4130 delegat
560 4056 697 4124 aliquem,
717 4057 768 4125 qui
779 4073 834 4128 pro
849 4075 879 4113 se
891 4059 993 4114 solvat.
1027 4058 1099 4112 lude
1109 4061 1395 4120 ceteraeraticne

200 4123 310 4192 quenda
317 4159 326 4189 ,
346 4141 435 4193 quum
454 4125 500 4192 id,
521 4127 599 4198 quod
615 4128 672 4197 ipsi
690 4131 786 4186 facere
806 4129 991 4198 debebamus,
1018 4148 1074 4202 per
1099 4129 1173 4184 elios
1191 4129 1259 4186 fieri
1279 4149 1388 4192 curm

200 4195 319 4278 mlirn.
339 4195 412 4250 clav.
433 4197 511 4262 cio..
541 4199 633 4254 Gron.
657 4200 729 4254 obss.
755 4209 786 4268 1,
807 4206 851 4260 20.
882 4203 980 4258 Gil'an.
1004 4203 1075 4260 obss.
1102 4205 1212 4272 p.129.
1242 4205 1338 4259 Psrei

201 4276 267 4320 crat.
286 4285 314 4338 p.
333 4271 414 4326 3283’
432 4271 508 4326 aas.
547 4273 590 4326 cf.
617 4271 652 4328 ad
671 4291 694 4326 c.
715 4275 759 4332 15.
780 4293 807 4330 n.
828 4279 855 4332 2.
875 4275 905 4330 0.
925 4277 1019 4348 29pr.
1052 4277 1143 4330 Gron.
1170 4275 1206 4330 ad
1230 4274 1291 4330 cie.
1316 4284 1375 4338 ad

200 4341 249 4404 12,
264 4343 294 4400 ,2.
332 4345 442 4396 alit-
457 4345 635 4417 delegantur,
654 4362 681 4398 v.
702 4346 738 4402 ad
757 4363 781 4400 c.
802 4352 845 4405 13.
864 4365 892 4402 n.
912 4351 938 4406 6.
