2904 4802
524 203 666 272 CAPUT
697 205 771 272 XX.
1199 203 1259 268 397

7 372 177 424 ¹Burei-tur
197 371 262 424 edd.
283 377 342 425 vat.
362 399 397 413 -
429 375 554 441 poeticus
577 374 673 433 decor,
705 380 738 425 ut
762 373 888 424 00000000
911 377 1065 440 poetoenm,
1102 369 1212 440 dequo
1231 387 1258 422 v.

30 445 87 496 Cic.
109 443 168 497 Off.
190 449 224 509 1,
245 446 290 499 28.
309 473 347 484 -
364 463 421 498 non
439 447 506 498 Atii
522 453 574 498 aut
592 447 707 500 Pacuuii
723 453 833 498 veterno
852 447 1034 516 inquinatusf
1053 439 1168 496 Schntn
1187 441 1261 496 haec

29 517 196 568 annotavit:
230 517 386 578 „Veternns
411 535 431 568 s.
456 527 596 571 veternum
619 535 720 588 propr.
747 525 789 570 est
807 517 939 570 morbosa
957 517 1080 590 pigritia
1099 523 1129 568 et
1146 529 1262 568 somno·

29 590 136 652 lentie,
157 589 239 658 inpr.
260 607 369 655 senum,
390 587 419 641 h.
438 589 457 642 1.
479 591 606 644 obsoleta
625 597 760 656 vetustas,
779 589 906 659 squalor,
926 596 958 639 ut
978 607 1022 658 ap.
1043 587 1143 642 Sidon.
1162 585 1260 656 Apoll.

29 679 70 731 ep.
91 667 125 726 1,
148 667 176 715 1.
206 669 379 714 veternosum
397 663 505 716 dicendi
522 681 610 736 genus
628 671 657 715 01
676 666 710 726 8,
730 666 755 718 6.
786 670 942 715 veternosus
967 663 1102 732 legalium
1126 663 1263 732 quaestio-

28 753 92 786 mn
111 737 328 804 cenigmctasta.
365 735 490 788 Videtur
507 744 603 788 autem
624 751 745 805 carpere
761 734 935 788 Ciceronem
954 733 1084 801 aliosque
1104 733 1166 786 eius
1185 740 1261 785 aeta-

29 807 80 870 tis,
99 806 157 875 qui
179 807 290 873 Ennii,
310 807 410 870 Accii,
436 809 572 875 Pacuvii,
598 807 727 873 Lucilii,
756 807 887 860 Terentii
907 805 1090 874 aliorumque
1108 813 1260 875 poetarum

30 880 129 932 crebro
152 879 326 933 inserebant
344 897 458 944 versus,
477 899 599 940 summa,
617 889 650 930 ut
669 881 710 931 ait
729 877 851 946 Quintil.
872 885 905 944 1,
925 881 958 945 8,
979 883 1030 942 11,
1056 897 1112 930 non
1131 878 1262 932 eruditio-

29 952 171 1004 00000010
191 956 306 1022 gratio,
336 953 384 1004 sed
409 955 495 1004 ettam
514 953 714 1012 iucunditatis,
745 970 834 1024 quum=
845 955 960 1020 poeticis
979 953 1164 1020 uoluptatibus
1182 969 1262 1004 aures

29 1045 45 1076 s
54 1023 176 1091 sorensi
193 1027 346 1092 asperitate
363 1030 506 1095 respirent.
545 1025 626 1078 Idem
647 1029 696 1088 10,
717 1029 749 1090 1,
768 1027 813 1082 97.
842 1025 867 1076 T
865 1023 1013 1096 rogoediae
1030 1028 1191 1094 scriptores,
1210 1025 1262 1076 Ac·

30 1102 82 1150 a'au
101 1105 192 1169 atque
210 1097 367 1158 Pacuuius,
399 1101 552 1152 clarissimi
578 1101 721 1168 gravitate
738 1101 954 1158 sententiarum,
986 1097 1128 1151 verborum
1143 1097 1262 1168 pondere

30 1179 53 1220 ct
70 1173 248 1222 auctoritate
263 1187 455 1240 personarum.
496 1173 621 1224 Ceterum
646 1174 723 1223 nitor
746 1179 774 1222 et
791 1189 899 1222 summa
918 1176 947 1223 in
967 1169 1118 1224 excolendis
1137 1171 1262 1240 operibus

30 1261 125 1295 0000000
152 1247 253 1314 magia
277 1243 365 1295 videri
384 1252 478 1311 potest
503 1244 674 1312 temporibus
705 1261 787 1314 qnam
811 1248 881 1312 ipsis
906 1241 1051 1311 defuisse.”
1095 1243 1262 1312 carpuntur

31 1317 123 1385 potins
143 1324 295 1379 oratores,
315 1315 384 1384 qui,
402 1323 435 1368 ut
454 1316 640 1384 antiquitatis
659 1315 788 1368 studium
809 1323 837 1369 et
855 1315 1053 1369 eruditionem
1073 1322 1261 1382 ostentarent,

31 1389 171 1440 obsoletas
191 1387 381 1456 antiquorum
399 1395 553 1458 poetarum
572 1404 656 1440 voces
668 1423 676 1450 ,
712 1387 876 1454 dictiones,
914 1387 1119 1442 translationes
1147 1394 1261 1456 captare

31 1469 55 1511 et
81 1459 271 1513 orationibus
296 1461 356 1512 suis
382 1459 513 1516 inserere
544 1459 683 1514 solebant.
723 1459 766 1513 Cf.
792 1461 867 1514 Pers.
896 1465 932 1525 1,
950 1463 1083 1516 76—84.
1111 1468 1156 1525 et,
1189 1476 1261 1529 quos
1362 1495 1363 1498 =

31 1533 145 1608 [osnig
165 1533 210 1584 ibi
231 1531 376 1600 laudavit,
397 1531 519 1598 Quintil.
539 1537 573 1599 1,
592 1537 618 1589 6.
638 1537 688 1598 10,
708 1537 734 1586 1.
761 1533 884 1586 Μο01ἰο1.
905 1539 956 1598 10,
976 1535 1019 1588 21.
1041 1537 1091 1598 11,
1110 1537 1154 1589 91.
1180 1531 1258 1585 Gell.

31 1610 58 1662 1.
77 1609 122 1660 10.
158 1606 239 1657 Plin.
260 1621 303 1674 ep.
325 1609 359 1670 1,
379 1609 404 1660 6.
445 1607 517 1658 Hor.
538 1605 621 1676 epist.
641 1609 679 1670 2,
698 1607 731 1672 2,
752 1607 805 1660 116
816 1624 874 1676 seq.
915 1605 1034 1658 Lucian.
1061 1604 1136 1658 rhet.
1162 1621 1259 1674 praec.

31 1677 59 1729 T.
73 1677 139 1729 111.
160 1695 191 1746 p.
213 1680 257 1732 18.
279 1677 323 1731 00.
343 1677 422 1731 Reiz.
442 1679 519 1732 Vell.
539 1681 573 1744 2,
592 1681 626 1742 9,
646 1683 672 1734 3.
712 1679 744 1730 1..
764 1679 859 1732 Attius
878 1679 902 1731 L
920 1677 1100 1754 tragoedias,
1125 1676 1260 1730 Didasca-

31 1751 85 1801 lica
105 1758 136 1802 et
156 1750 289 1802 Annales
307 1749 438 1803 versibus
457 1751 576 1821 scripsit
594 1750 730 1820 vixitque
756 1751 837 1804 circa
856 1769 880 1804 a.
900 1751 935 1805 U.
957 1755 1019 1806 600.
1058 1752 1174 1803 Nomen
1199 1749 1260 1802 eius

30 1822 110 1874 varie
128 1821 288 1874 scribitur:
315 1823 428 1884 Attius,
452 1825 552 1884 Atius,
579 1825 693 1886 Accius,
720 1823 825 1878 Actius.
863 1841 891 1876 0.
911 1823 1010 1878 Burm.
1032 1822 1069 1875 ad
1087 1823 1164 1877 Suet.
1185 1822 1258 1906 Aug.

31 1899 53 1948 l.
82 1902 112 1947 01
131 1895 221 1979 Virg.
241 1892 312 1947 Aen.
332 1897 362 1960 5,
382 1897 444 1950 568.
464 1923 499 1936 -
530 1899 567 1950 M.
598 1896 728 1950 Pacuvius
751 1897 880 1970 tragicus
904 1903 1009 2020 poeta,
1045 1911 1135 1966 nepos
1159 1895 1261 1957 Eunu,

7 1981 8 1984 ’
31 1967 122 2020 laelii
142 1985 261 2018 amiens
281 1975 309 2019 et
326 1965 449 2037 hospes,
478 1969 530 2038 qui
556 1969 633 2022 vixit
652 1969 685 2020 ab
704 1987 729 2021 0.
752 1970 785 2024 U.
805 1972 902 2025 5330
941 1972 1003 2026 623.
1040 1968 1097 2020 1110
1120 1965 1261 2036 Euripidi

7 2049 8 2076 l
32 2039 273 2108 comparabatur,
296 2039 388 2092 Attius
408 2039 557 2110 Sophocli.
578 2059 605 2094 v.
626 2041 688 2094 Cic.
709 2041 818 2096 Heren.
839 2047 873 2108 1,
893 2043 919 2094 l.
938 2043 973 2108 2,
993 2043 1036 2096 13.
1056 2042 1099 2096 23.
1119 2057 1147 2110 p.
1167 2037 1259 2092 Aroh.

31 2117 118 2168 911.
149 2112 237 2164 Brut.
256 2113 299 2165 18.
320 2115 364 2166 28.
384 2117 428 2167 tt.
449 2113 484 2166 de
504 2114 591 2166 amic.
609 2116 635 2168 7.
664 2113 700 2166 00
719 2121 777 2183 opt.
798 2131 864 2188 gen.
884 2107 930 2166 or.'
948 2118 972 2167 1.
1007 2113 1109 2165 Horat.
1131 2111 1213 2182 epist.
1233 2111 1260 2176 2,

34 2191 56 2240 1.
74 2188 118 2239 56.
141 2183 225 2236 Geli.
245 2189 290 2250 13,
308 2188 335 2239 2.
381 2185 493 2239 Virinm
508 2189 590 2238 Attio
607 2189 671 2255 plus
689 2188 842 2251 tribuitur,⁸
870 2186 1019 2240 Pacuvium
1045 2187 1136 2238 uideri
1158 2185 1262 2236 doctio-

33 2277 99 2318 rem,
153 2260 189 2308 ui
212 2275 267 2310 esse
297 2259 369 2310 dotti
386 2253 536 2325 affectant,
567 2257 687 2324 Quintil.
709 2263 761 2325 10,
783 2264 815 2325 1,
835 2262 879 2316 98.
906 2287 942 2297 -
980 2259 1111 2311 Horatiis
1139 2255 1170 2308 in
1196 2253 1260 2309 000.

7 2357 8 2388 1
34 2333 91 2381 Put.
163 2345 211 2382 en.
232 2329 298 2382 tlt.
321 2330 426 2383 Oratis.
445 2359 482 2370 -
516 2331 636 2393 Lucani,
663 2331 714 2400 qui
734 2331 846 2385 iudicio
865 2331 1006 2384 Martialis
1025 2329 1166 2384 00000000
1185 2335 1261 2382 0010

7 2423 8 2460 t
33 2402 185 2476 Virgilio,
218 2401 306 2455 statii
328 2403 533 2473 praeferendus
553 2403 581 2458 ei
601 2411 629 2458 et
648 2403 770 2469 Quintil.
792 2409 842 2468 10,
863 2409 896 2468 1,
915 2408 959 2461 90.
997 2404 1094 2456 ardens
1120 2395 1148 2454 it
1173 2403 1263 2454 conci-

34 2483 105 2528 tntns
130 2479 327 2528 :clementiis
348 2477 519 2530 clarissimus
539 2485 564 2527 et
582 2481 674 2547 magis
693 2479 851 2530 oratoribus
870 2495 952 2546 qnam
969 2481 1060 2544 poetis
1078 2491 1263 2528 annumeran-

7 2549 8 2552 ’
32 2549 92 2600 000.-
116 2546 201 2600 unde
219 2549 330 2600 oratori
352 2548 471 2602 fortasse
488 2549 575 2618 plura
595 2550 727 2602 conteret
746 2565 833 2617 quam
851 2548 1011 2622 Virgilius3
1033 2547 1138 2602 Setinis.
1176 2545 1260 2601 0001.

33 2620 96 2672 Tac.
119 2621 178 2685 15,
197 2622 242 2675 09.
263 2628 290 2673 01
310 2625 362 2680 16,
382 2623 424 2677 17.
462 2621 571 2675 Lucani
588 2625 731 2682 senario,
751 2623 788 2675 cf.
808 2620 887 2674 ado.
908 2623 952 2677 12.
972 2639 1000 2674 n.
1019 2623 1046 2678 2.

7 2711 9 2738 ³
99 2731 127 2780 5.
171 2727 278 2780 Horum
296 2729 650 2792 centumcentumn.
670 2729 706 2782 ad
726 2746 750 2782 o.
771 2733 815 2786 19.
836 2731 965 2784 n.2.-—
984 2729 1099 2784 exstitit
1116 2725 1181 2782 edd.
1202 2743 1260 2780 reo.

33 2805 123 2852 extitit
154 2799 221 2854 edd.
249 2801 314 2854 Ber.
343 2799 434 2854 llhen.
456 2801 540 2855 0101.
579 2800 869 2860 00111Ρο1.1110.-
904 2797 1045 2870 efficacess
1070 2799 1103 2852 in
1128 2799 1173 2854 ed.
1197 2799 1262 2852 Ber.

32 2884 160 2926 necares.
187 2901 223 2912 -
262 2880 440 2942 perueniunt:
478 2873 508 2926 in
536 2873 580 2930 00.
604 2892 650 2945 pr.
686 2878 880 2946 praeveniunt,
908 2882 938 2928 et
962 2875 1118 2945 voluptuosi
1143 2887 1198 2944 pro
1216 2890 1263 2926 oo·

34 2947 148 3016 uptote

100 3058 130 3110 6.
176 3053 248 3119 Ouid
272 3059 364 3118 enim,
391 3059 492 3110 sicet.
540 3056 665 3122 „Melius
691 3056 744 3110 alii
769 3055 974 3132 distinguunt:
1008 3053 1083 3124 Quid
1103 3053 1201 3108 enim?
1226 3055 1260 3106 si.

34 3127 85 3182 Sed
113 3131 143 3181 ei
176 3125 333 3180 delendum
361 3127 496 3181 censebat
518 3127 681 3199 Wopkens.
711 3129 782 3184 obss.
808 3130 889 3183 misc.
909 3129 980 3193 vll,
999 3133 1024 3185 3·
1044 3143 1074 3198 p.
1092 3129 1155 3184 397.
1191 3125 1263 3179 For·

34 3209 101 3253 tasse
119 3205 221 3285 pecte:
250 3215 317 3251 nam
336 3199 380 3251 sio
399 3209 464 3272 post
482 3203 551 3272 quid
567 3203 660 3254 enim?
684 3201 776 3254 altera
795 3201 989 3277 interrogatio
1008 3200 1091 3269 sequi
1111 3198 1200 3262 solet,
1228 3201 1262 3282 ut

33 3269 322 3398 001ῑο02.ῗο
338 3273 519 3398 ntea
534 3269 1264 3416 sennenn.nettonn

35 3423 124 3488 mgis
144 3423 203 3468 cet.
263 3416 329 3468 lura
354 3416 434 3484 dabit
458 3417 612 3471 Heindorf.
641 3418 676 3470 ad
701 3417 763 3471 Cic.
788 3420 824 3472 N.
849 3417 884 3470 D.
904 3421 937 3484 2,
957 3420 993 3484 2,
1013 3417 1039 3472 5.
1076 3418 1145 3471 Non
1164 3421 1264 3467 tamen

35 3487 202 3544 deleverim
219 3491 256 3548 si,
274 3487 324 3540 sed
342 3487 466 3563 legerim
486 3494 550 3544 nisi.
588 3489 646 3544 Ubi
666 3490 797 3556 enimin
810 3489 999 3544 conclusione
1014 3488 1065 3543 001
1084 3489 1116 3542 in
1134 3485 1264 3540 clausula

35 3560 198 3615 sententiae
216 3560 339 3630 ponitur
356 3561 424 3631 quid
440 3567 527 3622 enim,
545 3563 594 3615 vel
612 3563 681 3633 quid
695 3565 785 3616 multa
803 3570 833 3616 et
851 3561 920 3633 quid
932 3565 1031 3631 plura,
1049 3559 1145 3632 suppl.
1164 3559 1262 3612 dicam.

35 3633 104 3687 Tum
124 3649 202 3686 vero
221 3649 282 3686 non
300 3631 478 3687 affirmative
496 3635 672 3699 enuntiatio,
700 3635 749 3688 sed
769 3635 905 3710 negativa
924 3635 1006 3704 sequi
1026 3633 1137 3689 debet.''
1159 3631 1263 3686 Osann.

37 3711 89 3760 not
108 3705 204 3758 etiam
224 3705 448 3774 praeferendum
466 3707 584 3760 videtur
601 3705 715 3760 Peerllu
736 3705 771 3760 de
792 3723 848 3776 quo
868 3723 896 3760 0.
917 3707 952 3759 00
970 3723 1033 3776 cap.
1047 3711 1071 3760 1.
1092 3723 1121 3758 n.
1129 3707 1156 3760 1.
1184 3703 1267 3758 Orel-

36 3778 89 3832 lius
116 3783 224 3848 putat,
255 3775 287 3828 in
304 3781 333 3829 ai
350 3777 443 3832 latere
460 3783 581 3838 scilicet,
612 3778 690 3848 quod
714 3779 748 3831 in
774 3779 851 3833 MSS.
870 3798 884 3833 s
903 3785 985 3832 0100.
1005 3777 1158 3831 scribatur.
1199 3776 1267 3843 (luis

36 3857 102 3903 eum
122 3851 326 3919 0000000000-
334 3851 427 3902 eredat
444 3851 525 3904 dedit
545 3851 649 3904 Heum.
668 3879 704 3890 -
723 3851 789 3904 rudi
805 3859 940 3905 coemento
958 3859 987 3903 et
1004 3850 1171 3921 informibus
1188 3857 1266 3919 tegu-

7 3957 8 3966 .
37 3925 82 3986 tis,
100 3941 131 3975 0.
154 3921 192 3974 ad
211 3921 247 3974 G.
268 3923 312 3976 18.
331 3939 360 3972 n.
378 3924 405 3977 5.
444 3925 475 3976 in
486 3923 647 3992 fornicibus
665 3926 820 3994 tegulisque
838 3924 882 3978 od.
902 3940 948 3994 pr.
961 3951 998 3962 -
1016 3943 1085 3977 auro
1103 3923 1265 3977 radiantur:

37 4011 85 4063 pro
104 4011 142 4048 eo
161 4013 187 4046 α.
209 3993 327 4047 mdiant
344 3994 531 4048 scribendum
551 3995 705 4050 censebant
723 3995 865 4048 Schurzfl.
893 4001 923 4049 et
951 3996 1013 4049 Lat.
1036 3995 1171 4049 Latinius
1189 3993 1262 4046 Bibl.

38 4067 66 4119 T.
84 4069 127 4120 11.
148 4083 177 4136 p.
197 4071 243 4122 37.
282 4065 340 4120 Sed
363 4075 520 4136 utrumque
546 4069 578 4120 in
601 4086 655 4120 usu
681 4067 746 4120 fuit.
784 4067 851 4132 „Gt
878 4067 959 4121 Ovid.
989 4087 1025 4122 ex
1043 4071 1072 4122 P.
1091 4073 1126 4132 3,
1146 4069 1263 4132 ll,'l⁰3.

38 4138 140 4268 5127,
160 4143 222 4264 14d3.
235 4145 280 4264 ¹pt
306 4139 343 4192 de
365 4157 420 4193 usu
437 4141 521 4194 verbi
541 4139 677 4196 Doederl.
697 4139 733 4202 de
752 4155 856 4212 synon.
877 4141 927 4194 lat.
948 4141 985 4194 ll.
1005 4159 1033 4213 p.
1053 4143 1117 4198 793*
1136 4141 1188 4192 Dr.
1225 4155 1265 4189 re·
1345 4149 1348 4156 ·

56 4217 64 4228 ‘
102 4221 186 4266 ture
209 4251 215 4266 .
261 4227 302 4264 er.
