2792 4792
139 201 198 265 108
303 193 306 202 '
490 197 664 264 LIBELLI
690 199 750 265 DE
771 197 1005 266 GERMANIA

134 341 141 350 ι
208 369 234 424 3.
272 367 385 420 utiliter
412 369 444 419 in
467 367 627 436 pullam,
654 367 696 433 (v.
725 366 761 418 ad
787 365 861 420 Ann.
892 365 1023 432 15,12.)
1055 369 1123 438 quia
1147 373 1352 437 periculosiores

138 445 205 492 aunt
222 441 394 492 inimicitiae
412 443 491 492 iusta
510 439 683 502 libertatem,
708 438 797 492 simul
816 455 883 492 cum
902 455 952 504 εις
977 439 1066 510 Inag-
1093 456 1186 510 prope
1212 443 1246 496 ad
1268 444 1354 496 liber-

138 519 243 578 tatem,
263 513 310 576 (ut
326 513 398 564 Anu.
418 515 449 574 6,
469 515 516 578 13,
537 515 577 576 1.)
596 519 645 563 aut
664 511 688 564 si
708 511 827 564 libertas
847 511 878 564 in
895 513 1073 582 propinquo,
1094 511 1125 564 in
1144 524 1279 585 promptu
1298 525 1352 579 est,

137 585 214 636 Bred.
251 587 334 638 luter
354 583 462 636 liberos
480 582 629 648 homines,
657 585 690 635 in
715 583 885 637 civitatibus
909 583 1030 649 liberis,
1053 584 1121 638 ΕΜ.
1152 591 1276 640 utilitate
1298 607 1353 658 pro

136 659 249 710 utiliter
267 673 291 710 c.
312 657 404 732 Long.
425 655 468 708 ed.
489 656 558 710 Nor.
586 657 668 709 lucta
686 655 745 710 alio
765 671 849 710 seusu
868 655 980 709 dicitur
998 673 1059 727 cap.
1078 661 1121 712 30.
1144 667 1216 713 extr.
1236 669 1264 716 et
1279 662 1352 715 Anu.

136 734 154 786 6
187 729 465 786 1211111611.

159 767 168 796 '
207 805 234 857 1.
273 802 445 854 Convictibus
465 807 492 851 et
509 799 656 868 inspicite,
681 800 861 866 ξενοδοχίαις,
892 817 947 853 non
972 803 1033 852 teliu
1050 821 1118 872 gene
1135 800 1249 870 effecius
1267 809 1356 858 indul-

135 882 200 946 get,
218 891 305 944 quam
325 873 479 939 Germani,
499 874 625 944 exceptis
644 871 759 926 Frisiis.
780 892 807 926 v.
826 871 951 928 Wiarda
969 873 1073 928 Gesclu
1094 874 1148 928 der
1167 877 1245 932 alten
1262 879 1353 932 Fries.

136 945 264 1016 Spraohe
283 963 311 1014 p.
332 950 374 1002 16.
412 945 518 1015 „Apud
535 963 607 1009 nos,
635 945 762 998 invicem
785 963 839 1014 per
866 945 1044 1000 commercia
1068 946 1206 1016 innexos,
1238 951 1356 1038 languet

136 1019 332 1090 hospitalitas,
357 1017 439 1092 viget
457 1017 532 1088 apud
550 1017 684 1071 barbaros
703 1017 868 1071 lenociniis
888 1017 1019 1072 infames.
1058 1019 1150 1074 Huius
1175 1022 1355 1078 discriminis

136 1109 220 1146 causa
239 1091 270 1143 in
288 1098 397 1160 aperto.
436 1089 558 1144 Scilicet
582 1090 758 1144 commercia
783 1090 905 1161 populos
931 1091 1132 1166 coniungunt,
1162 1096 1289 1165 privatos
1308 1097 1355 1150 di-

135 1163 256 1228 vidunt,
283 1179 370 1234 penes
398 1180 468 1231 quos
487 1163 731 1217 commerciorum
750 1181 804 1216 usu
823 1163 922 1248 urania
939 1162 1014 1216 fiunt
1032 1166 1153 1218 venalia.
1192 1168 1231 1220 Et
1249 1177 1356 1238 quanto

135 1235 1356 1382 tttttttltttfflctttt³l.lttt”t.⁰.tt¹.¹tt⁰¹tntlttgtttbtttt

136 1381 301 1436 deversoria
320 1398 377 1434 non
396 1387 494 1450 patent
517 1381 698 1455 peregrinis)
726 1380 881 1433 latrocinia
907 1390 1057 1448 exercent,
1091 1399 1181 1451 quum
1207 1385 1356 1469 indigent:

136 1453 293 1524 hospitales
312 1461 392 1516 sunt,
427 1452 505 1521 quod
530 1454 562 1504 in
580 1453 655 1506 hanc
675 1451 883 1506 liberalitatem
912 1460 1014 1506 natura
1040 1455 1203 1524 propendet
1227 1457 1357 1526 ipsisque

136 1525 262 1596 expedit.
301 1525 379 1579 Haec
406 1525 540 1594 pluribus
565 1525 715 1600 ingeniose
740 1525 869 1594 explicat
895 1527 1032 1594 Montesq.
1053 1528 1144 1596 esprit
1163 1527 1211 1581 des
1229 1529 1290 1582 loix
1308 1533 1357 1596 19,

135 1603 181 1656 2.’'
200 1600 275 1650 Brot.
314 1597 358 1651 Cf.
382 1597 526 1670 Adelung.
546 1613 574 1667 p.
594 1601 656 1654 299.
676 1601 737 1654 3110.
771 1597 853 1650 Grot.
874 1598 900 1650 J.
920 1597 950 1650 B.
971 1605 1000 1652 et
1017 1600 1047 1651 P.
1066 1603 1102 1664 2,
1121 1602 1158 1666 2,
1179 1605 1222 1656 16.
1242 1609 1270 1654 et
1287 1605 1358 1656 Pni-

136 1671 212 1726 fend.
239 1673 264 1724 J.
285 1671 320 1724 N.
342 1679 370 1724 et
388 1677 465 1744 gent.
485 1675 522 1734 3,
541 1675 576 1734 3,
595 1673 621 1726 9.
660 1671 736 1723 Hinc
759 1687 817 1736 non
840 1671 937 1722 minus
962 1668 1099 1741 hospitiis
1126 1671 1279 1752 indulgent
1302 1693 1360 1744 po-

134 1745 201 1816 puli
220 1745 391 1810 orientales,
411 1743 462 1810 qui
480 1741 610 1812 hospites
629 1743 716 1796 etiam
735 1745 815 1794 hunc
832 1743 998 1798 liberaliter
1017 1744 1216 1814 excipiunter
1227 1754 1359 1814 urentur,

134 1817 289 1888 praecipue
308 1815 413 1869 Arabes
432 1824 461 1868 et
480 1817 511 1866 in
530 1813 576 1868 his
596 1831 709 1884 quoque
728 1831 846 1884 rapaces
864 1832 897 1868 ac
916 1814 1016 1882 rudes,
1049 1817 1151 1884 quibus
1170 1819 1201 1870 in
1220 1835 1253 1872 eo
1272 1819 1360 1872 eimi-

135 1891 179 1942 les'
196 1896 263 1942 sunt
281 1887 362 1941 Sccti
382 1887 514 1940 muntani
533 1895 561 1940 et
578 1887 733 1941 American
751 1896 865 1962 gentes,
885 1888 1014 1942 maxime
1033 1889 1218 1944 Cenabenses.
1245 1907 1274 1944 r.
1287 1893 1361 1946 Nie-

134 1959 211 2014 buhr
227 1958 420 2015 Reisebeschr.
441 1960 472 2022 1,
493 1965 553 2018 119.
574 1959 610 2012 ei.
630 1959 745 2013 Beschr.
766 1977 793 2013 v.
812 1959 938 2013 Arabien
954 1977 984 2030 p.
1003 1964 1085 2030 iiisq.
1105 1963 1219 2034 Volney
1237 1963 1320 2018 Reice
1331 1967 1360 2029 1,

134 2039 194 2090 311.
215 2033 345 2088 Pocoche
364 2033 434 2101 Voy.
455 2032 515 2097 111,
535 2033 577 2086 15.
604 2031 732 2086 Arvieux
751 2033 822 2103 Voy.
842 2033 938 2097 11,,71
949 2049 1009 2102 seq.
1027 2036 1148 2104 382seq.
1166 2035 1229 2102 111,
1252 2039 1361 2106 152sq.

135 2105 265 2160 libandin
285 2105 360 2175 Voy.
382 2105 442 2170 111,
461 2107 505 2160 87.
545 2107 673 2158 Pennant
692 2104 797 2158 Reisen
815 2105 846 2157 in
865 2103 1036 2159 Schottland
1054 2105 1084 2173 1,
1103 2111 1163 2163 161.
1195 2109 1223 2161 Ρ.
1244 2109 1361 2162 Lalitau

135 2182 246 2234 illoeurs
266 2178 314 2230 des
333 2177 475 2252 Sauvages
495 2176 701 2246 Ambriquains
719 2178 752 2230 Τ.
773 2178 810 2232 11.
831 2195 859 2247 p.
879 2179 963 2246 88s'q.
982 2175 1059 2231 Jahn
1077 2179 1146 2233 bibl.
1166 2178 1319 2236 Archaeol.
1333 2184 1360 2243 l,

134 2256 159 2308 2.
186 2249 215 2322 §.
237 2254 297 2307 171.
317 2253 486 2305 722-736.
520 2249 651 2302 Perizon.
676 2248 712 2302 ad
739 2249 850 2303 Aelian.
870 2249 903 2302 V.
925 2251 960 2303 11.
980 2255 1012 2314 1,
1033 2257 1057 2306 1.
1086 2259 1115 2306 et
1142 2253 1178 2308 de
1197 2251 1364 2308 Germano-

135 2342 201 2378 rum
220 2321 419 2394 hospitalitate
439 2321 516 2374 ans.
538 2321 563 2375 b.
584 2321 620 2374 G.
639 2325 675 2388 6,
694 2325 730 2378 23
749 2329 822 2376 extr.
847 2323 921 2375 Mela
940 2327 972 2385 3,
992 2327 1018 2380 3.
1049 2324 1169 2380 Diodor.
1189 2327 1225 2392 5,
1245 2330 1290 2395 28.
1310 2332 1360 2383 31.

134 2397 291 2471 Nibelung.
311 2413 338 2448 v.
360 2397 502 2450 116.310.
522 2397 602 2452 1662.
631 2395 680 2448 lex
706 2393 927 2468 burgundbb,
947 2399 972 2449 1.
1006 2398 1171 2469 (quicunque
1191 2399 1299 2468 laeepiti
1316 2419 1365 2452 ue-

134 2473 227 2524 nienti
245 2477 347 2522 tectum
365 2475 417 2520 aut
430 2465 526 2535 focum
551 2471 711 2538 negaverit,
747 2471 836 2520 trium
862 2469 1014 2522 solidorum
1042 2472 1171 2524 illatione
1194 2474 1364 2536 mulctetur)

134 2545 214 2618 leges
243 2543 332 2607 aliae,
368 2557 438 2609 quas
470 2541 628 2593 laudarunt
655 2539 780 2594 Schiitee
800 2541 829 2604 1,
855 2545 898 2598 19.
922 2543 966 2596 59.
1000 2549 1029 2596 et
1047 2541 1113 2596 Joh.
1141 2546 1258 2620 Magnus
1285 2543 1362 2598 hist.

134 2615 224 2670 Goth.
242 2619 276 2682 1,
296 2619 321 2668 1.
356 2613 421 2680 (ubi
441 2613 549 2678 tradit,
584 2611 689 2666 Gothis
708 2615 806 2687 legem
824 2615 931 2680 fuisse,
964 2623 997 2666 ut
1015 2614 1256 2670 comburerentur
1272 2617 1365 2672 aedes

135 2705 251 2752 eorum,
272 2687 324 2755 qui
344 2695 389 2740 ter
408 2691 485 2738 tecto
505 2685 666 2740 arcuissent
683 2685 841 2753 viatorem)
861 2685 1018 2740 schardius
1037 2689 1059 2749 1,
1080 2691 1139 2744 199.
1160 2689 1249 2754 lllajer
1262 2691 1290 2754 1,
1311 2695 1363 2746 53.

133 2761 236 2814 huden
253 2760 286 2812 Τ.
308 2759 329 2811 1.
349 2777 378 2828 p.
398 2761 458 2813 585.
478 2757 600 2814 Weiske
617 2774 646 2828 p.
666 2761 719 2814 275
729 2777 769 2828 sq.
815 2761 849 2811 ln
868 2759 992 2812 Graecia
1010 2757 1084 2812 olim
1103 2761 1284 2815 sanctissima
1303 2761 1367 2816 ho·

133 2833 217 2904 spitii
238 2831 316 2894 iura,
348 2833 411 2894 Ζεύς
429 2831 526 2893 ξένιος,
551 2837 618 2903 lepot
636 2829 715 2895 ἅλες,
744 2827 870 2902 σύμβολα
889 2841 918 2886 et
936 2833 1014 2906 ‹leipu
1032 2833 1120 2893 leaena*
1130 2870 1138 2895 ,
1162 2841 1286 2888 tesserae
1303 2833 1366 2889 ho-

133 2905 259 2975 spitales.
297 2921 324 2955 v.
354 2905 452 2958 Potter
475 2901 595 2956 Griech.
621 2901 775 2956 Archaeol.
796 2905 833 2956 11.
857 2921 886 2974 p.
905 2907 1074 2961 722—736.
1112 2906 1231 2972 „Aliam
1256 2915 1367 2962 tamen

132 2977 220 3032 luisse
239 2975 447 3046 hospitalitatis
465 2975 609 3028 rationem
629 2974 707 3043 apud
725 2975 851 3030 Graecos
871 2985 900 3030 et
917 2977 1078 3042 Romanos,
1099 2979 1207 3049 quippe
1226 2981 1278 3048 qui
1297 2999 1367 3034 non

132 3063 368 3118 unumquemque
386 3045 515 3116 hospitio
535 3047 719 3116 exciperent,
747 3065 782 3102 ex
800 3049 1022 3118 antiquitatibus
1041 3051 1158 3120 penitus
1178 3052 1253 3105 disci
1272 3061 1368 3122 pote-

132 3124 180 3176 rit.
219 3121 331 3173 Horum
351 3119 533 3188 potissimum
551 3135 663 3187 mores,
683 3119 772 3174 etiam
792 3123 823 3174 in
842 3121 898 3176 hac
916 3141 948 3176 re
966 3139 1118 3192 perversos
1137 3133 1368 3195 corruptusque,

130 3193 249 3248 Tacitus
267 3192 395 3261 perstrin
417 3207 466 3244 ere
491 3189 616 3245 videtur.
656 3192 699 3245 Gi.
727 3193 874 3246 Ammian.
904 3199 951 3262 11,
979 3201 1013 3260 6,
1037 3197 1101 3250 12.”
1125 3197 1201 3250 llere.
1239 3193 1368 3270 effusius

131 3283 214 3321 sensu
232 3264 370 3327 honest03
418 3283 458 3317 en.
487 3259 601 3331 effusius
621 3266 776 3336 indulgere,
805 3275 837 3318 ut
856 3265 900 3336 eff.
915 3267 1011 3336 sonere
1030 3277 1059 3323 et
1077 3271 1194 3340 diligere
1211 3271 1289 3324 Plin.
1311 3289 1366 3343 ep.

131 3345 163 3406 7,
183 3341 227 3394 21.
246 3341 290 3394 30.
327 3336 393 3388 Alia
412 3355 440 3390 v.
461 3335 494 3388 in
512 3337 575 3391 Iud.
595 3337 661 3390 Tac.
683 3339 719 3392 ll.

202 3414 228 3466 5.
270 3409 455 3480 Quemcunque
473 3414 647 3478 mortalium,
666 3411 760 3464 ullum
778 3410 946 3476 hominum,
967 3413 1049 3466 cuius
1068 3421 1098 3468 et
1115 3415 1212 3483 quivis
1231 3415 1289 3468 ille
1309 3416 1368 3476 sit.

131 3503 221 3538 arcere
240 3491 322 3544 tecto,
342 3481 423 3550 nefus
440 3481 570 3549 lenietur,-
588 3501 639 3552 pro
650 3485 774 3552 fortune
791 3504 854 3551 sua,
874 3501 928 3554 pro
948 3486 991 3538 rei
1010 3503 1076 3541 suae
1095 3487 1271 3542 domesticae
1292 3505 1372 3543 mo-

131 3559 209 3620 dulo,
229 3560 340 3626 quiaque
358 3561 504 3624 apparetis
523 3559 611 3626 epulis
629 3560 733 3626 exeipit
751 3573 970 3625 quemcunque,
992 3557 1095 3614 Gintle
1134 3561 1206 3626 „Sic
1224 3568 1254 3613 et
1274 3561 1370 3616 Caes.

130 3632 157 3684 b.
178 3631 213 3683 G.
233 3633 269 3691 6,
287 3631 331 3684 23.
350 3630 424 3682 Mela
441 3633 475 3694 3,
494 3633 521 3685 3.
541 3631 609 3703 Lag.
629 3629 779 3704 Burgund.
800 3629 846 3682 tit.
864 3633 908 3685 38.
929 3629 986 3705 leg.
1007 3637 1031 3686 1.
1073 3635 1228 3704 Quicunque
1246 3632 1377 3702 hospiti

130 3706 254 3758 uenienti
273 3709 374 3754 tectum
393 3710 445 3754 uut
454 3699 553 3770 focum
571 3705 733 3773 negaverit,
765 3707 852 3756 trium
877 3705 1028 3757 solidorum
1048 3709 1177 3761 illatione
1195 3708 1372 3760 mulctetur.

130 3776 169 3830 At
185 3773 347 3844 hospitium
366 3773 487 3840 virtuti,
514 3791 573 3828 non
592 3773 696 3828 sceleri
716 3775 822 3829 datum.
860 3775 947 3830 Recte
973 3779 1053 3831 enim
1072 3781 1142 3854 Leg.
1162 3779 1219 3834 Sal.
1240 3779 1289 3830 tit.
1315 3785 1373 3836 17.

131 3852 188 3924 leg.
207 3853 233 3902 8.
271 3845 399 3899 &rentes
416 3845 542 3914 defuncti
560 3847 676 3900 iudicem
695 3867 793 3918 rogare
812 3849 924 3910 debent,
943 3858 976 3902 ut
994 3857 1070 3904 inter
1087 3852 1212 3906 bominac
1230 3870 1292 3904 non
1314 3853 1377 3907 lea-

130 3923 202 3976 bitet
220 3927 318 3972 auctor
334 3921 463 3983 sceleris,
487 3928 514 3972 et
532 3924 581 3989 qui
599 3923 625 3972 ei
643 3920 796 3990 hospitium
815 3921 938 3983 dederit,
966 3933 1113 3995 antequam
1128 3924 1298 3994 parentibus
1319 3945 1379 3981 sn·

132 3993 280 4065 tisseriut,
297 3991 350 4046 ΒΟ
365 3991 423 4044 den.
443 3993 591 4062 culpabilia
610 3994 774 4046 iudicauer.''
792 3995 870 4048 Brut.
907 3999 995 4065 epulis
1014 4000 1116 4068 recipit
1134 3999 1196 4050 Vat.
1216 4000 1303 4053 2961.

202 4071 228 4124 6.
269 4067 356 4133 Quum
375 4063 492 4132 defecere
512 4083 572 4132 „sc.
588 4067 705 4136 epulae,
727 4085 816 4136 quum
833 4067 931 4138 epulas
945 4069 1072 4138 amplius
1085 4069 1223 4140 praebere
1240 4067 1376 4142 hospiti

132 4158 191 4196 non
204 4147 325 4210 possunt
340 4145 368 4192 et
380 4135 513 4191 exhausta
528 4146 603 4204 sunt,
617 4157 689 4208 quae
701 4148 837 4209 apparata
857 4149 947 4208 erant,
962 4149 995 4194 ut
1007 4160 1069 4213 cap.
1082 4146 1126 4196 21.
1157 4159 1239 4214 quum
1258 4152 1381 4198 omnuim

131 4213 293 4282 defecerunt,
303 4230 341 4266 sc.
349 4228 421 4280 quae
429 4210 555 4264 ludendo
564 4211 687 4280 perdere
694 4221 817 4281 possent.
825 4243 861 4254 —-
874 4213 961 4282 Quum
970 4215 1120 4282 defecerint
1132 4215 1176 4269 ed.
1186 4215 1267 4285 Lips.
1280 4221 1380 4286 quod

134 4287 233 4342 eodem
251 4285 338 4339 modo
351 4283 521 4356 intelligere
540 4284 641 4338 licet.”
657 4285 725 4336 Ern.
736 4293 764 4338 et
774 4286 852 4340 Bred.
890 4286 947 4340 Sed
959 4286 1089 4357 dejecerit
1102 4307 1117 4344 e
1132 4305 1157 4340 c.
1173 4289 1260 4342 Farn.
1278 4287 1378 4344 dedit

134 4361 212 4430 Lips.
238 4355 280 4410 Gi.
296 4357 330 4410 ad
347 4375 371 4410 c.
382 4359 425 4412 21.
446 4359 550 4416 66--
561 4361 612 4429 qui
625 4359 704 4414 modo
719 4356 928 4430 bospeafaerab
943 4361 960 4413 i.
976 4379 998 4416 e.
1020 4362 1070 4432 qui
1087 4359 1173 4418 modo
1186 4359 1262 4431 apud
1279 4364 1385 4432 prio-
