2858 4790
489 197 826 264 mmmmm.
1061 174 1064 184 '
1228 199 1288 264 aar

38 374 169 438 78,12.
208 368 374 424 Ramalsorn.
396 369 443 422 Gr.
461 387 488 438 p.
509 367 571 433 575.
600 369 655 422 612
667 384 706 436 aq.
778 369 809 436 γ)
831 369 897 434 post
914 363 993 416 mores
1018 361 1088 426 dum
1107 361 1286 433 obtemperat
1391 339 1392 352 ἵ

40 451 84 510 1,
105 445 152 498 51.
190 442 260 496 dum
280 449 499 511 componuntur
518 441 569 504 12,
589 441 649 494 63·
672 437 741 492 dum
761 437 927 492 consulitur
946 440 995 496 11,
1013 439 1057 490 31.
1079 437 1128 499 15,
1149 439 1191 490 18.
1218 437 1287 490 dum

229 512 488 638 “letale
511 512 621 638 lle*
646 509 930 636 meam
949 507 1286 636 555551

90 627 97 640 .
160 605 210 640 um
229 615 265 626 -
283 605 314 638 ιιι
336 605 345 638 ι
484 622 491 636 .
536 622 544 637 .
879 621 886 634 .
933 619 942 646 ,
1000 619 1007 632 .
1278 619 1284 634 .

42 664 98 716 32
120 667 195 713 extr.
233 657 289 712 Sed
301 657 336 711 H.
355 663 382 723 3,
400 660 444 712 38.
481 655 696 708 dumVitellius
714 599 812 708 fulicat
830 654 993 714 aemulum,
1013 651 1046 705 A.
1065 655 1109 706 11.
1149 652 1218 704 dum
1237 670 1287 706 ex-

43 731 254 786 stimulabant.
299 729 341 783 Gf.
366 727 484 784 Walch.
508 728 530 782 l.
555 728 576 780 l.
601 736 630 782 et
652 727 688 780 ad
714 726 784 802 Agr.
804 731 847 782 11.
920 729 952 792 2)
977 727 1167 787 Coniunctivi,
1188 723 1224 778 de
1243 743 1286 788 eo,

42 805 127 876 qaod
148 822 205 858 reon
233 811 307 856 certo
326 811 438 866 tantum
461 809 599 870 ternpore,
626 801 675 854 aad
703 805 794 864 omui,
821 809 887 869 pua'
901 804 1060 870 cogitatur,
1093 815 1149 850 ease
1173 805 1202 849 et
1219 799 1287 868 fieri

40 883 160 948 potest,
190 883 221 926 ut
245 876 282 928 Η.
308 878 406 938 2,16.
450 874 628 944 praetoriani
647 887 684 913 ³-
702 871 888 936 nuntiabant;
920 879 954 924 ut
977 887 1062 926 nemo
1081 870 1207 934 dubitet,
1234 889 1287 941 po.

45 950 143 1002 tuisse
169 947 305 1000 renovari
332 947 443 1002 bellum
469 953 560 1000 atrox.
601 944 645 1016 Os.
673 947 785 1017 Kru'ger
811 943 970 998 Untersuclc.
996 962 1046 998 uua
1071 943 1096 994 d.
1119 943 1223 998 Gediele
1241 947 1289 997 aler

46 1027 107 1076 lat.
130 1020 256 1090 Sprucbl.
268 1018 344 1088 saec.
362 1019 400 1073 fl.
416 1039 446 1090 p.
465 1021 510 1075 66.

149 1111 187 1164 11.
208 1108 419 1181 Imperfectum.-
464 1111 492 1174 1)
518 1108 564 1160 ubi
587 1111 724 1162 sententia
751 1111 899 1176 scriptoria
922 1107 1028 1158 elicitur
1052 1107 1084 1160 de
1108 1107 1199 1168 rebus,
1231 1115 1289 1178 qui·

49 1189 104 1240 bus
133 1201 181 1236 nec
207 1186 266 1254 ipse
289 1203 338 1237 uec
362 1181 488 1254 aequales
514 1177 720 1247 interfuerunt:
757 1179 898 1232 credibile
917 1185 979 1231 erat
999 1181 1030 1244 1,
1051 1183 1077 1235 6.
1114 1181 1288 1248 compositae

49 1256 252 1310 credebantur
270 1260 302 1322 1,
321 1257 365 1312 53.
404 1251 553 1305 constabat
578 1255 611 1316 1,
631 1257 676 1307 71.
697 1251 728 1304 A.
747 1255 792 1306 13.
839 1249 896 1303 Sed
914 1253 964 1318 11,
984 1255 1010 1304 1.
1033 1259 1062 1304 et
1081 1254 1133 1318 16,
1151 1254 1178 1306 5.
1216 1269 1288 1308 con-

50 1329 142 1382 stitit.
162 1355 198 1366 -
233 1328 263 1397 2)
281 1347 335 1397 pra
353 1327 475 1379 Futura.-
490 1323 591 1378 anxius
611 1341 737 1392 quonam
757 1323 938 1376 exercituum
963 1323 1007 1375 ris
1032 1332 1199 1393 erumperet
1217 1327 1289 1390 (eru-

46 1411 145 1472 ptura
164 1403 244 1466 esset)
265 1402 301 1453 Η.
322 1405 354 1466 1,
375 1403 417 1453 11.
437 1426 474 1436 -
510 1401 540 1462 3)
556 1413 609 1466 pra
629 1395 917 1466 plusquamperfecto:
937 1395 961 1447 si
980 1395 1077 1448 statim
1097 1397 1209 1450 deditus
1228 1407 1290 1451 tra·

52 1474 155 1538 darer,
175 1489 269 1540 neque
288 1491 352 1526 rues
370 1473 498 1535 fortuna,
518 1469 613 1538 neque
632 1477 680 1526 tua
699 1468 794 1542 gloria
814 1467 997 1522 inclaruisset
1016 1471 1059 1534 12,
1079 1473 1123 1524 37.
1163 1470 1186 1522 si
1205 1471 1289 1523 Prin-

54 1547 158 1614 cipem
179 1561 246 1597 eum
270 1545 358 1598 fuisse
378 1542 548 1597 caterinen
567 1539 784 1604 meminissent,
812 1540 874 1610 ipae
893 1539 1114 1594 oblivisceretur
1134 1543 1170 1594 H.
1191 1547 1224 1607 3,
1243 1547 1289 1600 63.

53 1617 138 1686 quod
163 1616 221 1668 nisi
246 1633 373 1686 propere
395 1613 588 1680 subvenisset,
615 1613 715 1666 atnima
739 1612 887 1666 Britannia
910 1613 988 1666 soret
1004 1613 1037 1665 A.
1059 1617 1103 1670 16.
1130 1621 1155 1668 et
1172 1621 1234 1669 sim.
1255 1617 1288 1669 A.

51 1693 104 1744 26.
127 1689 169 1758 Cf.
192 1690 267 1741 can.
280 1691 319 1742 cul
335 1690 404 1742 Sall.
427 1689 485 1760 lug.
505 1689 550 1749 59.
558 1691 584 1742 3.
611 1686 699 1738 Drck.
719 1685 758 1738 ad
773 1683 831 1739 Lis.
850 1687 896 1751 38,
915 1687 942 1750 2,
961 1688 987 1740 2.
1008 1689 1068 1739 call.
1089 1691 1133 1748 31,
1152 1691 1196 1750 11,
1217 1691 1243 1742 2.
1263 1698 1291 1741 et

53 1766 133 1830 inpr.
153 1761 248 1815 Etsler
265 1763 297 1816 de
314 1764 439 1832 enallage
456 1757 570 1830 imperf.
587 1777 641 1828 pro
660 1759 834 1830 Plusquamp.
854 1762 883 1812 in
901 1757 1002 1811 saluts·
1018 1762 1120 1812 Annal.
1142 1760 1237 1827 philol.
1259 1763 1289 1815 Τ.

52 1835 108 1886 XI·
122 1831 198 1901 saec.
218 1837 244 1891 2.
262 1853 291 1904 p.
310 1829 373 1892 235.
394 1863 429 1875 -
471 1835 502 1898 1)
527 1829 742 1902 „Imperfectum
767 1836 797 1885 in
825 1833 1008 1884 Coniunctiao
1036 1831 1190 1902 respondet
1208 1835 1291 1887 Prae-

54 1907 136 1960 senti
151 1907 183 1959 in
201 1906 335 1976 Optativo
356 1907 550 1971 Graecorum,
570 1912 603 1956 ut
622 1903 941 1974 Plusquamperlectum
958 1903 1074 1957 Aoristo
1093 1903 1125 1955 in
1145 1905 1289 1976 optativo,

55 1987 90 2034 et
115 1979 193 2031 illud
215 1979 395 2049 poniturde
417 1994 468 2042 eo,
495 1977 574 2100 ‹puod
600 1977 712 2047 saepius
739 1984 768 2030 et
794 1995 811 2030 a
839 1975 961 2030 diversis
986 1975 1052 2029 llari
1070 1977 1159 2041 solet,
1179 1978 1235 2033 hoc
1255 1979 1290 2032 de
1378 1995 1384 2032 ¹.

56 2058 144 2104 certo
169 2058 302 2122 tempore
328 2051 475 2120 certisque
521 2049 674 2103 ominibus.
718 2051 813 2102 Nemo
833 2047 910 2102 enim
931 2048 1039 2114 nescit,
1067 2049 1234 2116 Optativum
1254 2051 1290 2104 ad

55 2131 175 2176 certum
200 2130 314 2192 tempus
340 2139 399 2183 non
425 2122 591 2193 pertinere,
617 2121 668 2174 sed
693 2138 748 2193 per
768 2122 933 2191 Optativum
956 2121 1115 2174 Praesentis
1135 2123 1290 2184 enuntiari,

56 2213 136 2266 quaa
161 2195 299 2248 continuo
323 2203 372 2247 aut
396 2197 509 2266 saepius
533 2194 599 2248 fieri
622 2194 732 2256 solent,
756 2211 812 2266 per
839 2193 1007 2264 Optativum
1028 2191 1155 2260 lloristi,
1186 2195 1290 2264 quibus

58 2269 138 2321 inest
162 2267 301 2346 cogitatio
335 2265 451 2321 definiti
482 2266 630 2337 temporis.
674 2267 751 2320 Hinc
773 2270 805 2330 3,
829 2268 872 2320 55.
917 2285 1083 2338 quamquam
1106 2269 1230 2338 plerique
1255 2297 1291 2306 -

51 2344 251 2410 peruenirent,
287 2343 395 2392 mansit
412 2348 507 2393 tamen
528 2343 612 2408 prior
636 2345 765 2403 antinus,
784 2340 837 2403 15,
856 2342 899 2394 16.
938 2341 1113 2410 gladiatores
1130 2367 1167 2378 -·
1182 2345 1292 2407 praesi-

56 2415 108 2464 dio
132 2414 251 2474 militis,
277 2415 327 2482 qui
350 2421 441 2466 custos
465 2414 586 2475 adesset,
613 2417 727 2464 coerciti
752 2419 826 2464 aunt.
869 2409 918 2464 Sic
938 2419 967 2464 et
986 2411 1016 2462 in
1034 2411 1154 2482 imperf.
1175 2411 1291 2464 Indica-

56 2483 116 2536 tivi
146 2486 181 2550 6,
207 2487 251 2540 29.
300 2502 409 2546 earum,
435 2487 486 2556 qui
513 2485 544 2534 de
569 2501 596 2535 ae
621 2485 792 2545 statuebant,
822 2481 1007 2536 humabantur
1034 2501 1170 2552 corpora,
1202 2485 1239 2536 H.
1262 2488 1289 2550 3,
1365 2509 1367 2512 ·

55 2559 104 2612 52.
142 2556 341 2625 scriptitabat,
359 2560 393 2610 A.
412 2559 456 2613 21.
495 2553 661 2617 abnuebant,
679 2556 763 2622 Ana.
776 2555 826 2618 12,
846 2557 890 2610 32.
926 2558 1042 2624 paucis,
1063 2558 1114 2626 qui
1132 2573 1213 2608 arma
1232 2574 1290 2609 cac-

53 2629 197 2700 ptabant,
218 2626 394 2696 intersectis.-
418 2645 496 2680 nam
511 2625 545 2678 hi
570 2633 657 2696 pauci
680 2644 738 2680 non
764 2633 830 2679 sunt
857 2625 931 2680 certi
950 2625 1067 2695 quidam
1087 2627 1234 2694 homines,
1254 2629 1290 2684 dc

57 2699 165 2770 quibus
191 2701 259 2753 satis
284 2701 339 2752 tibi
365 2706 489 2760 constet,
515 2697 566 2753 sed
591 2697 779 2774 intelligendi
806 2707 873 2751 sunt
897 2697 984 2768 pauci
1002 2699 1106 2751 talium
1125 2697 1289 2766 hominum,

58 2773 113 2842 qui
131 2789 210 2825 arma
230 2780 408 2843 coaptarent,
428 2771 459 2824 h.
471 2789 495 2824 e.
515 2771 540 2824 si
555 2771 605 2838 qui
625 2771 806 2842 coeptabant,
825 2769 1099 2836 interficiebantur3
1119 2770 1150 2822 in
1169 2787 1227 2840 qua
1245 2773 1289 2825 in-

57 2844 182 2898 definite
201 2845 341 2912 loquendi
359 2845 473 2898 ratione
482 2843 599 2896 Tacitus
610 2860 691 2898 more
703 2843 884 2896 Graecorum
905 2849 1073 2896 constanter
1091 2851 1211 2913 usurpat
1230 2846 1289 2897 Im-
1316 2905 1317 2908 Ἴ

58 2919 236 2987 perlectum.
274 2915 330 2970 Sed
357 2922 391 2983 3,
418 2919 464 2974 57.
503 2924 582 2970 recte
610 2915 720 2970 dicitur
745 2919 892 2970 censuisset
916 2922 945 2968 et
967 2917 1065 2980 6,12.
1100 2917 1289 2986 patuissent.'’

62 2987 191 3042 Walther
210 2987 245 3040 ad
263 2987 330 3042 Tac.
350 2991 423 3044 Ann.
443 2993 479 3056 3,
498 2991 543 3045 55.
563 2995 593 3042 et
611 2992 661 3054 12,
681 2993 724 3046 32.
753 2993 756 3000 '
864 3013 867 3018 ·

151 3079 204 3132 111.
224 3077 392 3146 Perfectum,
413 3079 579 3134 Graecarum
595 3081 745 3135 Armatus.-
781 3078 810 3145 1)
830 3081 876 3133 udi
893 3095 952 3132 naas
970 3085 998 3130 et
1016 3077 1180 3132 consuetudo
1199 3085 1290 3148 aspri-

57 3153 163 3214 mitur,
182 3169 210 3203 v.
234 3149 319 3203 Varla
338 3151 469 3226 ἀορίστως
482 3157 589 3220 positu.
627 3155 659 3218 2)
681 3171 736 3222 pro
755 3149 1036 3222 Plusquamperfecto:
1055 3147 1174 3220 scripsit
1192 3154 1224 3215 1,
1244 3153 1288 3208 te.

58 3222 229 3292 praeposuit
247 3251 283 3262 -
302 3223 385 3276 iussit
404 3224 438 3276 H.
461 3228 492 3290 l,
512 3227 556 3280 53.
594 3225 710 3292 rapturi
727 3225 841 3276 fuerint
860 3225 895 3276 H.
916 3229 953 3288 1,
972 3225 1015 3278 26.
1062 3223 1186 3276 iecerint
1205 3223 1241 3276 H.
1262 3229 1289 3286 1,

56 3295 103 3349 55.
139 3295 303 3369 perfugerit
321 3296 356 3348 H.
379 3300 404 3358 1,
415 3299 459 3350 60.
497 3303 524 3348 et
540 3299 648 3348 similla
667 3298 736 3366 aliie
754 3298 831 3349 locis.
867 3299 899 3358 3)
918 3299 948 3348 in
964 3296 1161 3354 coniunctius,
1198 3299 1229 3360 a)
1247 3300 1292 3350 cel
1371 3315 1372 3318 ¹

57 3365 190 3438 depictae
214 3371 310 3434 posita
332 3371 377 3420 cel
397 3385 450 3436 pro
476 3366 571 3420 Prusa.
597 3375 649 3420 aut
666 3367 793 3430 Futura,
817 3367 866 3419 ubi
889 3385 932 3420 res
955 3383 1089 3438 praesens
1113 3377 1164 3421 aut
1182 3366 1288 3436 futura

57 3447 191 3507 tanquam
209 3443 268 3492 iam
295 3438 420 3508 confecta
444 3442 608 3510 cogitatur,
642 3441 686 3493 ael
711 3445 755 3492 ita
778 3447 811 3493 ut
834 3442 946 3494 dubium
974 3449 1002 3492 et
1025 3440 1174 3492 modestum
1199 3446 1289 3511 expri-

58 3519 156 3563 matur
171 3511 317 3565 iudicium:
353 3511 443 3566 fuerit
460 3515 495 3576 1,
514 3514 558 3568 32.
578 3515 621 3568 33.
643 3513 885 3566 asseveraverint
908 3517 941 3578 3,
962 3516 1006 3568 16.
1046 3511 1224 3566 crediderim
1244 3517 1288 3576 16,

58 3586 85 3638 6.
107 3581 141 3634 G.
160 3585 191 3644 2,
210 3586 254 3638 15.
293 3583 499 3638 affirmaverim
518 3583 555 3636 G.
574 3585 599 3639 5.
638 3584 785 3659 exegerim
812 3588 923 3646 16,16.
961 3583 1088 3636 dixerim
1107 3584 1142 3637 G.
1162 3587 1188 3640 2.
1208 3586 1241 3638 A.
1261 3591 1287 3642 3.

60 3655 165 3707 tulerit
182 3659 215 3718 6,
232 3658 278 3711 22
326 3656 505 3727 oppresseris
522 3656 764 3710 -revocaveris
789 3655 822 3709 A.
842 3661 868 3711 3.
919 3655 961 3709 Ol.
984 3655 1072 3709 Verba
1090 3655 1221 3728 depictae
1237 3677 1288 3727 po-

57 3730 134 3785 sita,
162 3729 292 3782 Ruddim.
317 3732 384 3783 inat.
410 3729 457 3784 Gr.
483 3729 522 3782 11.
548 3749 576 3799 p.
595 3732 657 3785 382
697 3729 808 3798 Zumpt.
829 3728 926 3782 Gram.
943 3725 973 3796 6.
996 3730 1058 3784 527.
1114 3729 1146 3800 fl)
1161 3739 1228 3800 past
1246 3735 1288 3792 ut,

59 3799 110 3850 udi·
125 3803 206 3870 vulgo
224 3801 339 3872 lmpers.
357 3807 490 3872 panitur:
529 3801 706 3855 trucidatum
725 3801 763 3854 sit
782 3805 814 3866 1,
833 3803 878 3858 56.
916 3799 1099 3854 inundaverit
1119 3807 1150 3862 1,
1169 3805 1214 3858 86.
1243 3804 1288 3854 su-

60 3870 158 3924 derint
175 3877 207 3933 3,
225 3877 270 3928 21.
318 3873 488 3928 incubuerit
510 3878 561 3936 11,
584 3877 610 3929 5.
649 3873 837 3944 responderit
858 3877 909 3940 11,
928 3877 973 3929 11.
1010 3875 1231 3942 percrebruerit
1251 3877 1286 3927 H.

58 3945 91 4008 2,
110 3945 153 4000 26.
191 3946 322 4014 potuerit
341 3947 377 3998 H.
397 3951 432 4013 1,
452 3951 497 4002 33.
536 3945 580 4016 Cf.
602 3945 984 4017 reassumpserit.
1008 3953 1049 4010 ct,
1077 3951 1210 4018 quasilla
1230 3949 1288 4000 lau-

58 4017 149 4082 dauit,
167 4016 260 4071 Bremi
278 4019 317 4070 ad
333 4016 400 4089 Nep.
421 4019 495 4072 Mtte.
517 4022 595 4082 5,1.
630 4019 968 4092 Ennegenses-Crustas
992 4021 1058 4070 clau.
1084 4021 1157 4072 Suet.
1172 4039 1203 4090 p.
1223 4023 1286 4074 832.

60 4087 164 4152 Grates.
186 4091 233 4142 Gr.
253 4091 275 4143 1.
293 4109 323 4159 p.
342 4094 405 4148 213.
444 4092 558 4162 Krrlger
585 4090 692 4146 Untera.
721 4111 772 4147 uus
789 4093 815 4146 d.
837 4093 945 4145 Gebiete
964 4091 1011 4143 der
1030 4092 1081 4146 lut.
1104 4092 1229 4162 Sprackl.
1249 4093 1286 4144 Π.

57 4179 85 4228 p.
106 4163 165 4216 165.
185 4187 221 4202 ·-
256 4166 287 4228 1)
303 4172 369 4232 post
386 4163 485 4234 pudet.
505 4163 602 4220 laedet
623 4165 657 4220 G.
678 4169 722 4219 11.
742 4183 771 4218 ιι.
791 4169 818 4221 2.

57 4339 81 4390 8.
119 4347 250 4393 seminet
268 4340 300 4395 A.
321 4347 346 4400 6.
388 4345 432 4416 Cf.
458 4343 624 4400 llamalacrn.
652 4345 700 4399 Gr.
718 4365 748 4416 p.
767 4349 867 4418 lozsq.
907 4343 1003 4397 Weber
1023 4341 1242 4415 verengari-¹-
1258 4361 1279 4376 ·

109 4439 175 4506 Opp.
198 4437 260 4491 Tac.
282 4442 310 4494 T.
327 4445 375 4496 W.
943 4420 991 4492 55

147 4265 195 4318 IV.
236 4267 535 4342 Plusquamperffeclum
553 4271 583 4340 1)
599 4291 653 4342 pro
671 4271 784 4342 imperf.
804 4275 848 4326 cel
864 4269 1002 4340 Pedector
1044 4271 1185 4324 voluisset
1204 4271 1240 4324 H.
1261 4277 1287 4336 1,
1391 4263 1392 4278 ’
