<?xml version="1.0" encoding="UTF-8"?>
<!DOCTYPE html PUBLIC "-//W3C//DTD XHTML 1.0 Transitional//EN"
    "http://www.w3.org/TR/xhtml1/DTD/xhtml1-transitional.dtd">
<html xmlns="http://www.w3.org/1999/xhtml" xml:lang="en" lang="en">
 <head>
  <title>
</title>
<meta http-equiv="Content-Type" content="text/html;charset=utf-8" />
  <meta name='ocr-system' content='tesseract 3.04.00' />
  <meta name='ocr-capabilities' content='ocr_page ocr_carea ocr_par ocr_line ocrx_word'/>
</head>
<body>
  <div class='ocr_page' id='page_1' title='image "./ccorneliitaciti27tacigoog/ccorneliitaciti27tacigoog_0419.png"; bbox 0 0 2904 4802; ppageno 0'>
   <div class='ocr_carea' id='block_1_1' title="bbox 196 209 1116 286">
    <p class='ocr_par' dir='ltr' id='par_1_1' title="bbox 196 209 1116 286">
     <span class='ocr_line' id='line_1_1' title="bbox 196 209 1116 286; baseline -0.012 0"><span class='ocrx_word' id='word_1_1' title='bbox 196 223 257 286; x_wconf 79' lang='lat' dir='ltr'><strong>tto</strong></span> <span class='ocrx_word' id='word_1_2' title='bbox 504 211 727 280; x_wconf 80' lang='lat' dir='ltr'><strong>DIALOGUS</strong></span> <span class='ocrx_word' id='word_1_3' title='bbox 748 210 807 278; x_wconf 86' lang='lat' dir='ltr'><strong>DE</strong></span> <span class='ocrx_word' id='word_1_4' title='bbox 829 209 1116 278; x_wconf 81' lang='lat' dir='ltr'><strong>ORATORIBUS.</strong></span> 
     </span>
    </p>
   </div>
   <div class='ocr_carea' id='block_1_2' title="bbox 194 379 1422 888">
    <p class='ocr_par' dir='ltr' id='par_1_2' title="bbox 194 379 1422 521">
     <span class='ocr_line' id='line_1_2' title="bbox 194 379 1422 454; baseline -0.006 -14"><span class='ocrx_word' id='word_1_5' title='bbox 194 384 260 440; x_wconf 85' lang='lat' dir='ltr'><strong>Sen.</strong></span> <span class='ocrx_word' id='word_1_6' title='bbox 279 390 389 454; x_wconf 71' lang='lat' dir='ltr'><strong>quaest.</strong></span> <span class='ocrx_word' id='word_1_7' title='bbox 407 386 465 434; x_wconf 80' lang='lat' dir='ltr'><strong>nst.</strong></span> <span class='ocrx_word' id='word_1_8' title='bbox 485 379 517 434; x_wconf 85' lang='lat' dir='ltr'><strong>in</strong></span> <span class='ocrx_word' id='word_1_9' title='bbox 533 382 626 452; x_wconf 74' lang='lat' dir='ltr'><strong>praef.</strong></span> <span class='ocrx_word' id='word_1_10' title='bbox 645 380 668 434; x_wconf 90' lang='lat' dir='ltr'><strong>l.</strong></span> <span class='ocrx_word' id='word_1_11' title='bbox 687 384 728 445; x_wconf 99' lang='grc'><strong>1.,</strong></span> <span class='ocrx_word' id='word_1_12' title='bbox 755 379 873 433; x_wconf 73' lang='lat' dir='ltr'><strong>muttum</strong></span> <span class='ocrx_word' id='word_1_13' title='bbox 895 381 1013 432; x_wconf 76' lang='lat' dir='ltr'><strong>interest</strong></span> <span class='ocrx_word' id='word_1_14' title='bbox 1035 381 1197 437; x_wconf 72' lang='lat' dir='ltr'><strong>intersim</strong></span> <span class='ocrx_word' id='word_1_15' title='bbox 1214 387 1240 433; x_wconf 85' lang='lat' dir='ltr'><strong>et</strong></span> <span class='ocrx_word' id='word_1_16' title='bbox 1259 380 1366 434; x_wconf 76' lang='lat' dir='ltr'><strong>donam</strong></span> <span class='ocrx_word' id='word_1_17' title='bbox 1383 398 1422 433; x_wconf 54' lang='lat' dir='ltr'><strong>vas</strong></span> 
     </span>
     <span class='ocr_line' id='line_1_3' title="bbox 195 454 1422 521; baseline -0.008 -9"><span class='ocrx_word' id='word_1_18' title='bbox 195 457 361 521; x_wconf 66' lang='lat' dir='ltr'><strong>misnam,</strong></span> <span class='ocrx_word' id='word_1_19' title='bbox 380 454 484 509; x_wconf 61' lang='lat' dir='ltr'><strong>Sedula</strong></span> <span class='ocrx_word' id='word_1_20' title='bbox 1421 467 1422 482; x_wconf 64' lang='lat'>¹</span> 
     </span>
    </p>

    <p class='ocr_par' dir='ltr' id='par_1_3' title="bbox 194 521 1422 888">
     <span class='ocr_line' id='line_1_4' title="bbox 267 521 1422 595; baseline -0.004 -9"><span class='ocrx_word' id='word_1_21' title='bbox 267 533 293 586; x_wconf 85' lang='lat'><strong>5.</strong></span> <span class='ocrx_word' id='word_1_22' title='bbox 334 529 480 583; x_wconf 77' lang='lat' dir='ltr'><strong>Verrem:</strong></span> <span class='ocrx_word' id='word_1_23' title='bbox 498 527 621 594; x_wconf 83' lang='lat' dir='ltr'><strong>„tscite,</strong></span> <span class='ocrx_word' id='word_1_24' title='bbox 640 525 690 580; x_wconf 88' lang='lat' dir='ltr'><strong>sed</strong></span> <span class='ocrx_word' id='word_1_25' title='bbox 710 523 821 595; x_wconf 91' lang='lat' dir='ltr'><strong>optime</strong></span> <span class='ocrx_word' id='word_1_26' title='bbox 839 522 882 576; x_wconf 86' lang='lat' dir='ltr'><strong>sic</strong></span> <span class='ocrx_word' id='word_1_27' title='bbox 901 521 1020 592; x_wconf 82' lang='lat' dir='ltr'><strong>Lipsius</strong></span> <span class='ocrx_word' id='word_1_28' title='bbox 1040 539 1055 578; x_wconf 91' lang='lat' dir='ltr'><strong>e</strong></span> <span class='ocrx_word' id='word_1_29' title='bbox 1074 540 1100 576; x_wconf 90' lang='lat' dir='ltr'><strong>c.</strong></span> <span class='ocrx_word' id='word_1_30' title='bbox 1120 524 1207 578; x_wconf 80' lang='lat' dir='ltr'><strong>Fsrn.</strong></span> <span class='ocrx_word' id='word_1_31' title='bbox 1236 543 1266 578; x_wconf 82' lang='lat' dir='ltr'><strong>r.</strong></span> <span class='ocrx_word' id='word_1_32' title='bbox 1295 525 1334 579; x_wconf 85' lang='lat' dir='ltr'><strong>sd</strong></span> <span class='ocrx_word' id='word_1_33' title='bbox 1358 542 1382 578; x_wconf 91' lang='lat' dir='ltr'><strong>c.</strong></span> <span class='ocrx_word' id='word_1_34' title='bbox 1402 531 1422 582; x_wconf 87' lang='grc'><strong>1.</strong></span> 
     </span>
     <span class='ocr_line' id='line_1_5' title="bbox 195 594 1422 659; baseline -0.002 -3"><span class='ocrx_word' id='word_1_35' title='bbox 195 622 224 656; x_wconf 89' lang='grc' dir='ltr'><strong>ιι.</strong></span> <span class='ocrx_word' id='word_1_36' title='bbox 243 605 290 659; x_wconf 82' lang='grc'><strong>3.”</strong></span> <span class='ocrx_word' id='word_1_37' title='bbox 326 604 394 655; x_wconf 83' lang='lat' dir='ltr'><strong>Post</strong></span> <span class='ocrx_word' id='word_1_38' title='bbox 419 617 482 654; x_wconf 81' lang='lat' dir='ltr'><strong>cero</strong></span> <span class='ocrx_word' id='word_1_39' title='bbox 501 599 644 654; x_wconf 77' lang='lat' dir='ltr'><strong>excidisse</strong></span> <span class='ocrx_word' id='word_1_40' title='bbox 666 601 737 656; x_wconf 82' lang='lat' dir='ltr'><strong>oiri,</strong></span> <span class='ocrx_word' id='word_1_41' title='bbox 765 602 846 650; x_wconf 86' lang='lat' dir='ltr'><strong>recte</strong></span> <span class='ocrx_word' id='word_1_42' title='bbox 870 594 1009 648; x_wconf 78' lang='lat' dir='ltr'><strong>viderunt</strong></span> <span class='ocrx_word' id='word_1_43' title='bbox 1033 594 1116 650; x_wconf 81' lang='lat' dir='ltr'><strong>Acid.</strong></span> <span class='ocrx_word' id='word_1_44' title='bbox 1130 595 1289 658; x_wconf 59' lang='lat' dir='ltr'><strong>,Sohund</strong></span> <span class='ocrx_word' id='word_1_45' title='bbox 1324 599 1422 654; x_wconf 65' lang='lat' dir='ltr'><strong>Heum,</strong></span> 
     </span>
     <span class='ocr_line' id='line_1_6' title="bbox 194 666 1422 743; baseline -0.007 -13"><span class='ocrx_word' id='word_1_46' title='bbox 194 673 310 730; x_wconf 79' lang='lat' dir='ltr'><strong>Schulz.</strong></span> <span class='ocrx_word' id='word_1_47' title='bbox 348 673 405 728; x_wconf 88' lang='lat' dir='ltr'><strong>Sed</strong></span> <span class='ocrx_word' id='word_1_48' title='bbox 428 671 505 726; x_wconf 77' lang='lat' dir='ltr'><strong>susle</strong></span> <span class='ocrx_word' id='word_1_49' title='bbox 532 670 586 726; x_wconf 79' lang='lat' dir='ltr'><strong>Vos</strong></span> <span class='ocrx_word' id='word_1_50' title='bbox 604 683 681 743; x_wconf 78' lang='lat' dir='ltr'><strong>ergo·</strong></span> <span class='ocrx_word' id='word_1_51' title='bbox 694 669 758 723; x_wconf 87' lang='lat' dir='ltr'><strong>edd.</strong></span> <span class='ocrx_word' id='word_1_52' title='bbox 785 675 843 721; x_wconf 84' lang='lat' dir='ltr'><strong>ret.</strong></span> <span class='ocrx_word' id='word_1_53' title='bbox 869 667 974 721; x_wconf 86' lang='lat' dir='ltr'><strong>Heum.</strong></span> <span class='ocrx_word' id='word_1_54' title='bbox 997 666 1049 720; x_wconf 90' lang='lat' dir='ltr'><strong>Dr.</strong></span> <span class='ocrx_word' id='word_1_55' title='bbox 1078 669 1123 722; x_wconf 85' lang='lat' dir='ltr'><strong>Os.</strong></span> <span class='ocrx_word' id='word_1_56' title='bbox 1152 687 1219 723; x_wconf 78' lang='lat' dir='ltr'><strong>nem</strong></span> <span class='ocrx_word' id='word_1_57' title='bbox 1237 689 1305 724; x_wconf 81' lang='lat' dir='ltr'><strong>sero</strong></span> <span class='ocrx_word' id='word_1_58' title='bbox 1325 671 1422 730; x_wconf 79' lang='lat' dir='ltr'><strong>iustam</strong></span> 
     </span>
     <span class='ocr_line' id='line_1_7' title="bbox 194 739 1422 888; baseline -0.004 -88"><span class='ocrx_word' id='word_1_59' title='bbox 194 748 410 888; x_wconf 54' lang='lat' dir='ltr'><strong>pppositticnepn</strong></span> <span class='ocrx_word' id='word_1_60' title='bbox 428 745 499 870; x_wconf 62' lang='lat' dir='ltr'><strong>felckit</strong></span> <span class='ocrx_word' id='word_1_61' title='bbox 518 749 792 883; x_wconf 67' lang='lat' dir='ltr'><strong>cupibppaeposstere</strong></span> <span class='ocrx_word' id='word_1_62' title='bbox 818 739 877 866; x_wconf 49' lang='lat'><strong>212</strong></span> <span class='ocrx_word' id='word_1_63' title='bbox 883 739 1133 832; x_wconf 41' lang='lat' dir='ltr'><strong>&#39;antiquariorum</strong></span> <span class='ocrx_word' id='word_1_64' title='bbox 1127 746 1269 868; x_wconf 51' lang='lat' dir='ltr'><strong>‘apertast&#39;</strong></span> <span class='ocrx_word' id='word_1_65' title='bbox 1300 744 1422 872; x_wconf 73' lang='lat' dir='ltr'><strong>Oret.-d</strong></span> 
     </span>
    </p>

    <p class='ocr_par' dir='ltr' id='par_1_4' title="bbox 258 821 1406 887">
     <span class='ocr_line' id='line_1_8' title="bbox 258 821 1406 887; baseline -0.006 -13"><span class='ocrx_word' id='word_1_66' title='bbox 258 825 360 874; x_wconf 66' lang='lat' dir='ltr'><strong>avitis</strong></span> <span class='ocrx_word' id='word_1_67' title='bbox 401 835 451 874; x_wconf 86' lang='lat' dir='ltr'><strong>cer</strong></span> <span class='ocrx_word' id='word_1_68' title='bbox 488 835 625 871; x_wconf 77' lang='lat' dir='ltr'><strong>‚mser</strong></span> <span class='ocrx_word' id='word_1_69' title='bbox 656 834 691 870; x_wconf 80' lang='lat' dir='ltr'><strong>ac</strong></span> <span class='ocrx_word' id='word_1_70' title='bbox 723 841 786 866; x_wconf 89' lang='lat'><strong>.—</strong></span> <span class='ocrx_word' id='word_1_71' title='bbox 849 829 1110 885; x_wconf 74' lang='lat' dir='ltr'><strong>etsstmoquaeque</strong></span> <span class='ocrx_word' id='word_1_72' title='bbox 1176 821 1406 887; x_wconf 63' lang='lat' dir='ltr'><strong>ipuonemm</strong></span> 
     </span>
    </p>
   </div>
   <div class='ocr_carea' id='block_1_3' title="bbox 158 884 1422 3730">
    <p class='ocr_par' dir='ltr' id='par_1_5' title="bbox 158 884 1422 3730">
     <span class='ocr_line' id='line_1_9' title="bbox 196 884 1422 955; baseline -0.007 -7"><span class='ocrx_word' id='word_1_73' title='bbox 196 911 222 948; x_wconf 90' lang='lat' dir='ltr'><strong>c.</strong></span> <span class='ocrx_word' id='word_1_74' title='bbox 241 896 286 949; x_wconf 79' lang='grc'><strong>20.</strong></span> <span class='ocrx_word' id='word_1_75' title='bbox 305 911 335 946; x_wconf 83' lang='grc' dir='ltr'><strong>ιι.</strong></span> <span class='ocrx_word' id='word_1_76' title='bbox 353 896 378 948; x_wconf 82' lang='grc'><strong>3.</strong></span> <span class='ocrx_word' id='word_1_77' title='bbox 416 893 569 944; x_wconf 72' lang='lat' dir='ltr'><strong>hctisstma</strong></span> <span class='ocrx_word' id='word_1_78' title='bbox 587 905 664 943; x_wconf 89' lang='lat' dir='ltr'><strong>corr.</strong></span> <span class='ocrx_word' id='word_1_79' title='bbox 682 887 777 942; x_wconf 84' lang='lat' dir='ltr'><strong>Rhen.</strong></span> <span class='ocrx_word' id='word_1_80' title='bbox 796 893 825 940; x_wconf 88' lang='lat' dir='ltr'><strong>et</strong></span> <span class='ocrx_word' id='word_1_81' title='bbox 847 887 961 955; x_wconf 88' lang='lat' dir='ltr'><strong>recepit</strong></span> <span class='ocrx_word' id='word_1_82' title='bbox 977 884 1025 940; x_wconf 84' lang='lat' dir='ltr'><strong>Or.</strong></span> <span class='ocrx_word' id='word_1_83' title='bbox 1044 913 1079 928; x_wconf 89' lang='lat'>—</span> <span class='ocrx_word' id='word_1_84' title='bbox 1106 887 1227 944; x_wconf 70' lang='lat' dir='ltr'><strong>Materne</strong></span> <span class='ocrx_word' id='word_1_85' title='bbox 1244 909 1281 942; x_wconf 81' lang='lat' dir='ltr'><strong>ec</strong></span> <span class='ocrx_word' id='word_1_86' title='bbox 1302 889 1422 952; x_wconf 58' lang='lat' dir='ltr'><strong>Secunde</strong></span> 
     </span>
     <span class='ocr_line' id='line_1_10' title="bbox 195 961 1422 1036; baseline -0.005 -17"><span class='ocrx_word' id='word_1_87' title='bbox 195 965 233 1019; x_wconf 90' lang='lat' dir='ltr'><strong>ds</strong></span> <span class='ocrx_word' id='word_1_88' title='bbox 258 966 363 1036; x_wconf 82' lang='lat' dir='ltr'><strong>quibus</strong></span> <span class='ocrx_word' id='word_1_89' title='bbox 396 981 425 1016; x_wconf 83' lang='lat' dir='ltr'><strong>r.</strong></span> <span class='ocrx_word' id='word_1_90' title='bbox 455 962 492 1016; x_wconf 84' lang='lat' dir='ltr'><strong>sd</strong></span> <span class='ocrx_word' id='word_1_91' title='bbox 525 979 587 1033; x_wconf 77' lang='lat' dir='ltr'><strong>cap.</strong></span> <span class='ocrx_word' id='word_1_92' title='bbox 614 963 642 1018; x_wconf 92' lang='grc'><strong>2</strong></span> <span class='ocrx_word' id='word_1_93' title='bbox 665 979 695 1014; x_wconf 86' lang='grc' dir='ltr'><strong>ιι.</strong></span> <span class='ocrx_word' id='word_1_94' title='bbox 721 965 748 1016; x_wconf 94' lang='grc'><strong>1.</strong></span> <span class='ocrx_word' id='word_1_95' title='bbox 775 987 812 1000; x_wconf 84' lang='grc'><strong>-·</strong></span> <span class='ocrx_word' id='word_1_96' title='bbox 855 962 996 1030; x_wconf 77' lang='lat' dir='ltr'><strong>gravitati</strong></span> <span class='ocrx_word' id='word_1_97' title='bbox 1012 987 1049 1000; x_wconf 88' lang='lat'>-</span> <span class='ocrx_word' id='word_1_98' title='bbox 1066 964 1188 1016; x_wconf 78' lang='lat' dir='ltr'><strong>miscetis</strong></span> <span class='ocrx_word' id='word_1_99' title='bbox 1214 961 1282 1016; x_wconf 90' lang='lat' dir='ltr'><strong>edd.</strong></span> <span class='ocrx_word' id='word_1_100' title='bbox 1309 969 1367 1014; x_wconf 84' lang='lat' dir='ltr'><strong>vet.</strong></span> <span class='ocrx_word' id='word_1_101' title='bbox 1394 969 1422 1020; x_wconf 78' lang='lat' dir='ltr'><strong>ut</strong></span> 
     </span>
     <span class='ocr_line' id='line_1_11' title="bbox 163 1033 1422 1118; baseline -0.006 -26"><span class='ocrx_word' id='word_1_102' title='bbox 163 1101 164 1104; x_wconf 8' lang='grc' dir='ltr'><strong>Ἴ</strong></span> <span class='ocrx_word' id='word_1_103' title='bbox 195 1047 225 1092; x_wconf 89' lang='lat' dir='ltr'><strong>et</strong></span> <span class='ocrx_word' id='word_1_104' title='bbox 242 1037 323 1108; x_wconf 79' lang='lat' dir='ltr'><strong>hips.</strong></span> <span class='ocrx_word' id='word_1_105' title='bbox 343 1043 371 1091; x_wconf 89' lang='lat' dir='ltr'><strong>et</strong></span> <span class='ocrx_word' id='word_1_106' title='bbox 391 1053 416 1089; x_wconf 92' lang='lat' dir='ltr'><strong>c.</strong></span> <span class='ocrx_word' id='word_1_107' title='bbox 434 1035 521 1088; x_wconf 82' lang='lat' dir='ltr'><strong>Fsrn.</strong></span> <span class='ocrx_word' id='word_1_108' title='bbox 555 1053 584 1088; x_wconf 83' lang='lat' dir='ltr'><strong>r.</strong></span> <span class='ocrx_word' id='word_1_109' title='bbox 602 1033 639 1087; x_wconf 87' lang='lat' dir='ltr'><strong>ed</strong></span> <span class='ocrx_word' id='word_1_110' title='bbox 657 1051 681 1088; x_wconf 91' lang='lat' dir='ltr'><strong>c.</strong></span> <span class='ocrx_word' id='word_1_111' title='bbox 701 1038 727 1088; x_wconf 92' lang='lat'><strong>1.</strong></span> <span class='ocrx_word' id='word_1_112' title='bbox 752 1051 781 1084; x_wconf 93' lang='lat' dir='ltr'><strong>n.</strong></span> <span class='ocrx_word' id='word_1_113' title='bbox 801 1036 827 1088; x_wconf 82' lang='lat'><strong>3.</strong></span> <span class='ocrx_word' id='word_1_114' title='bbox 862 1035 1005 1118; x_wconf 68' lang='lat' dir='ltr'><strong>pravitate</strong></span> <span class='ocrx_word' id='word_1_115' title='bbox 1022 1059 1059 1072; x_wconf 88' lang='lat'><em>-</em></span> <span class='ocrx_word' id='word_1_116' title='bbox 1075 1036 1197 1089; x_wconf 76' lang='lat' dir='ltr'><strong>miscetis</strong></span> <span class='ocrx_word' id='word_1_117' title='bbox 1217 1035 1263 1089; x_wconf 91' lang='lat' dir='ltr'><strong>ed.</strong></span> <span class='ocrx_word' id='word_1_118' title='bbox 1285 1034 1378 1088; x_wconf 87' lang='lat' dir='ltr'><strong>Gron.</strong></span> <span class='ocrx_word' id='word_1_119' title='bbox 1397 1041 1422 1092; x_wconf 81' lang='lat' dir='ltr'><strong>et</strong></span> 
     </span>
     <span class='ocr_line' id='line_1_12' title="bbox 194 1103 1421 1177; baseline -0.007 -13"><span class='ocrx_word' id='word_1_120' title='bbox 194 1127 253 1164; x_wconf 87' lang='lat' dir='ltr'><strong>rec.</strong></span> <span class='ocrx_word' id='word_1_121' title='bbox 289 1111 454 1177; x_wconf 84' lang='lat' dir='ltr'><strong>Utrumque</strong></span> <span class='ocrx_word' id='word_1_122' title='bbox 479 1107 511 1160; x_wconf 87' lang='lat' dir='ltr'><strong>in</strong></span> <span class='ocrx_word' id='word_1_123' title='bbox 533 1125 588 1160; x_wconf 87' lang='lat' dir='ltr'><strong>usu</strong></span> <span class='ocrx_word' id='word_1_124' title='bbox 610 1107 675 1160; x_wconf 83' lang='lat' dir='ltr'><strong>fuit.</strong></span> <span class='ocrx_word' id='word_1_125' title='bbox 700 1125 727 1159; x_wconf 88' lang='lat' dir='ltr'><strong>v.</strong></span> <span class='ocrx_word' id='word_1_126' title='bbox 751 1105 878 1176; x_wconf 66' lang='lat' dir='ltr'><strong>Seyfferti</strong></span> <span class='ocrx_word' id='word_1_127' title='bbox 905 1103 1006 1158; x_wconf 81' lang='lat' dir='ltr'><strong>Gram.</strong></span> <span class='ocrx_word' id='word_1_128' title='bbox 1032 1103 1064 1174; x_wconf 77' lang='lat'><strong>§.</strong></span> <span class='ocrx_word' id='word_1_129' title='bbox 1086 1105 1166 1162; x_wconf 84' lang='grc'><strong>2785.</strong></span> <span class='ocrx_word' id='word_1_130' title='bbox 1195 1115 1225 1161; x_wconf 91' lang='lat' dir='ltr'><strong>et</strong></span> <span class='ocrx_word' id='word_1_131' title='bbox 1251 1105 1421 1160; x_wconf 82' lang='lat' dir='ltr'><strong>Rsmshorn.</strong></span> 
     </span>
     <span class='ocr_line' id='line_1_13' title="bbox 194 1177 1422 1304; baseline -0.007 -67"><span class='ocrx_word' id='word_1_132' title='bbox 194 1183 294 1237; x_wconf 71' lang='lat' dir='ltr'><strong>Gmm.</strong></span> <span class='ocrx_word' id='word_1_133' title='bbox 321 1200 352 1253; x_wconf 83' lang='lat' dir='ltr'><strong>p.</strong></span> <span class='ocrx_word' id='word_1_134' title='bbox 376 1183 447 1246; x_wconf 75' lang='lat'><strong>2213</strong></span> <span class='ocrx_word' id='word_1_135' title='bbox 465 1183 517 1234; x_wconf 83' lang='lat' dir='ltr'><strong>Dr.</strong></span> <span class='ocrx_word' id='word_1_136' title='bbox 538 1179 582 1233; x_wconf 81' lang='lat' dir='ltr'><strong>cf.</strong></span> <span class='ocrx_word' id='word_1_137' title='bbox 608 1179 674 1232; x_wconf 90' lang='lat' dir='ltr'><strong>lnd.</strong></span> <span class='ocrx_word' id='word_1_138' title='bbox 696 1179 737 1232; x_wconf 88' lang='lat'><strong>11.</strong></span> <span class='ocrx_word' id='word_1_139' title='bbox 764 1187 794 1232; x_wconf 89' lang='lat' dir='ltr'><strong>et</strong></span> <span class='ocrx_word' id='word_1_140' title='bbox 812 1177 865 1230; x_wconf 84' lang='lat' dir='ltr'><strong>Gr.</strong></span> <span class='ocrx_word' id='word_1_141' title='bbox 889 1181 1042 1249; x_wconf 70' lang='grc' dir='ltr'><strong>μίγνυσθαι</strong></span> <span class='ocrx_word' id='word_1_142' title='bbox 1059 1184 1125 1242; x_wconf 78' lang='grc' dir='ltr'><strong>τινί,</strong></span> <span class='ocrx_word' id='word_1_143' title='bbox 1143 1181 1199 1304; x_wconf 52' lang='lat' dir='ltr'><strong>(pii,</strong></span> <span class='ocrx_word' id='word_1_144' title='bbox 1218 1177 1351 1248; x_wconf 68' lang='grc' dir='ltr'><strong>θαλάττῃ</strong></span> <span class='ocrx_word' id='word_1_145' title='bbox 1369 1187 1422 1231; x_wconf 59' lang='lat' dir='ltr'><strong>cet,</strong></span> 
     </span>
     <span class='ocr_line' id='line_1_14' title="bbox 192 1250 1420 1396; baseline -0.007 -13"><span class='ocrx_word' id='word_1_146' title='bbox 192 1250 871 1396; x_wconf 42' lang='lat' dir='ltr'><strong>iiiiii{iiim-“lsai&#39;‘,uiiiid&#39;i&#39;it</strong></span> <span class='ocrx_word' id='word_1_147' title='bbox 888 1252 1170 1394; x_wconf 53' lang='lat' dir='ltr'><strong>estetsi:</strong></span> <span class='ocrx_word' id='word_1_148' title='bbox 1187 1252 1420 1394; x_wconf 53' lang='grc' dir='ltr'><strong>ἔῖἰέἐῗᾞῗέἒ.</strong></span> 
     </span>
     <span class='ocr_line' id='line_1_15' title="bbox 194 1395 1422 1470; baseline -0.004 -18"><span class='ocrx_word' id='word_1_149' title='bbox 194 1417 303 1455; x_wconf 83' lang='lat' dir='ltr'><strong>omnes.</strong></span> <span class='ocrx_word' id='word_1_150' title='bbox 340 1417 387 1461; x_wconf 79' lang='lat' dir='ltr'><strong>eu,</strong></span> <span class='ocrx_word' id='word_1_151' title='bbox 412 1401 521 1470; x_wconf 76' lang='lat' dir='ltr'><strong>quoties</strong></span> <span class='ocrx_word' id='word_1_152' title='bbox 538 1417 561 1451; x_wconf 80' lang='lat' dir='ltr'><strong>e·</strong></span> <span class='ocrx_word' id='word_1_153' title='bbox 585 1417 613 1467; x_wconf 90' lang='lat' dir='ltr'><strong>p.</strong></span> <span class='ocrx_word' id='word_1_154' title='bbox 634 1397 698 1454; x_wconf 87' lang='lat' dir='ltr'><strong>edd.</strong></span> <span class='ocrx_word' id='word_1_155' title='bbox 717 1397 780 1467; x_wconf 90' lang='lat' dir='ltr'><strong>Bip.</strong></span> <span class='ocrx_word' id='word_1_156' title='bbox 799 1395 866 1451; x_wconf 86' lang='lat' dir='ltr'><strong>Sch.</strong></span> <span class='ocrx_word' id='word_1_157' title='bbox 885 1397 932 1451; x_wconf 87' lang='lat' dir='ltr'><strong>Or.</strong></span> <span class='ocrx_word' id='word_1_158' title='bbox 958 1397 1041 1466; x_wconf 82' lang='lat' dir='ltr'><strong>prob.</strong></span> <span class='ocrx_word' id='word_1_159' title='bbox 1065 1397 1226 1468; x_wconf 78' lang='lat' dir='ltr'><strong>Wopkens.</strong></span> <span class='ocrx_word' id='word_1_160' title='bbox 1246 1397 1322 1450; x_wconf 85' lang='lat' dir='ltr'><strong>obss.</strong></span> <span class='ocrx_word' id='word_1_161' title='bbox 1342 1397 1422 1448; x_wconf 61' lang='lat' dir='ltr'><strong>misci</strong></span> 
     </span>
     <span class='ocr_line' id='line_1_16' title="bbox 192 1467 1422 1542; baseline -0.003 -20"><span class='ocrx_word' id='word_1_162' title='bbox 192 1473 444 1542; x_wconf 73' lang='lat' dir='ltr'><strong>V11,3.p.tot.</strong></span> <span class='ocrx_word' id='word_1_163' title='bbox 466 1478 605 1540; x_wconf 68' lang='lat' dir='ltr'><strong>tanquam</strong></span> <span class='ocrx_word' id='word_1_164' title='bbox 628 1470 809 1524; x_wconf 72' lang='lat' dir='ltr'><strong>concinnius.</strong></span> <span class='ocrx_word' id='word_1_165' title='bbox 827 1497 864 1510; x_wconf 93' lang='lat'><strong>·-</strong></span> <span class='ocrx_word' id='word_1_166' title='bbox 888 1473 1015 1541; x_wconf 73' lang='lat' dir='ltr'><strong>quotiens</strong></span> <span class='ocrx_word' id='word_1_167' title='bbox 1037 1469 1101 1524; x_wconf 85' lang='lat' dir='ltr'><strong>edd.</strong></span> <span class='ocrx_word' id='word_1_168' title='bbox 1127 1477 1186 1524; x_wconf 83' lang='lat' dir='ltr'><strong>ret.</strong></span> <span class='ocrx_word' id='word_1_169' title='bbox 1223 1475 1334 1542; x_wconf 74' lang='lat' dir='ltr'><strong>quoties</strong></span> <span class='ocrx_word' id='word_1_170' title='bbox 1360 1467 1422 1521; x_wconf 61' lang='lat' dir='ltr'><strong>eddo</strong></span> 
     </span>
     <span class='ocr_line' id='line_1_17' title="bbox 194 1543 1422 1619; baseline -0.003 -19"><span class='ocrx_word' id='word_1_171' title='bbox 194 1559 253 1600; x_wconf 86' lang='lat' dir='ltr'><strong>rec.</strong></span> <span class='ocrx_word' id='word_1_172' title='bbox 291 1546 335 1600; x_wconf 81' lang='grc'><strong>01.</strong></span> <span class='ocrx_word' id='word_1_173' title='bbox 354 1543 391 1598; x_wconf 80' lang='lat' dir='ltr'><strong>sd</strong></span> <span class='ocrx_word' id='word_1_174' title='bbox 408 1543 479 1619; x_wconf 70' lang='lat' dir='ltr'><strong>Agr.</strong></span> <span class='ocrx_word' id='word_1_175' title='bbox 497 1547 542 1598; x_wconf 84' lang='grc'><strong>30.</strong></span> <span class='ocrx_word' id='word_1_176' title='bbox 560 1561 589 1596; x_wconf 90' lang='grc' dir='ltr'><strong>ιι.</strong></span> <span class='ocrx_word' id='word_1_177' title='bbox 610 1547 635 1598; x_wconf 93' lang='grc'><strong>1.</strong></span> <span class='ocrx_word' id='word_1_178' title='bbox 1421 1565 1422 1596; x_wconf 60' lang='lat' dir='ltr'><strong>i</strong></span> 
     </span>
     <span class='ocr_line' id='line_1_18' title="bbox 264 1609 1422 1690; baseline -0.009 -16"><span class='ocrx_word' id='word_1_179' title='bbox 264 1621 292 1674; x_wconf 81' lang='grc'><strong>6.</strong></span> <span class='ocrx_word' id='word_1_180' title='bbox 329 1635 362 1669; x_wconf 82' lang='lat' dir='ltr'><strong>ea</strong></span> <span class='ocrx_word' id='word_1_181' title='bbox 379 1620 581 1672; x_wconf 80' lang='lat' dir='ltr'><strong>sententiarum</strong></span> <span class='ocrx_word' id='word_1_182' title='bbox 597 1618 717 1685; x_wconf 78' lang='lat' dir='ltr'><strong>plenitas</strong></span> <span class='ocrx_word' id='word_1_183' title='bbox 735 1623 784 1676; x_wconf 84' lang='lat' dir='ltr'><strong>est,</strong></span> <span class='ocrx_word' id='word_1_184' title='bbox 803 1617 840 1668; x_wconf 88' lang='lat' dir='ltr'><strong>cf.</strong></span> <span class='ocrx_word' id='word_1_185' title='bbox 860 1615 897 1668; x_wconf 91' lang='lat' dir='ltr'><strong>ed</strong></span> <span class='ocrx_word' id='word_1_186' title='bbox 915 1632 940 1668; x_wconf 87' lang='lat' dir='ltr'><strong>c.</strong></span> <span class='ocrx_word' id='word_1_187' title='bbox 958 1617 1003 1670; x_wconf 80' lang='grc'><strong>28.</strong></span> <span class='ocrx_word' id='word_1_188' title='bbox 1021 1633 1050 1668; x_wconf 88' lang='lat' dir='ltr'><strong>n.</strong></span> <span class='ocrx_word' id='word_1_189' title='bbox 1063 1619 1091 1671; x_wconf 85' lang='lat'><strong>3.</strong></span> <span class='ocrx_word' id='word_1_190' title='bbox 1119 1633 1152 1668; x_wconf 85' lang='lat' dir='ltr'><strong>ea</strong></span> <span class='ocrx_word' id='word_1_191' title='bbox 1169 1613 1284 1690; x_wconf 75' lang='lat' dir='ltr'><strong>legitur</strong></span> <span class='ocrx_word' id='word_1_192' title='bbox 1304 1614 1337 1666; x_wconf 87' lang='lat' dir='ltr'><strong>in</strong></span> <span class='ocrx_word' id='word_1_193' title='bbox 1347 1609 1422 1664; x_wconf 66' lang='lat' dir='ltr'><strong>MSS:</strong></span> 
     </span>
     <span class='ocr_line' id='line_1_19' title="bbox 193 1683 1418 1759; baseline -0.004 -20"><span class='ocrx_word' id='word_1_194' title='bbox 193 1691 257 1744; x_wconf 74' lang='lat' dir='ltr'><strong>Vnt.</strong></span> <span class='ocrx_word' id='word_1_195' title='bbox 287 1697 317 1743; x_wconf 89' lang='lat' dir='ltr'><strong>et</strong></span> <span class='ocrx_word' id='word_1_196' title='bbox 342 1690 386 1744; x_wconf 89' lang='lat' dir='ltr'><strong>ed.</strong></span> <span class='ocrx_word' id='word_1_197' title='bbox 412 1707 461 1759; x_wconf 88' lang='lat' dir='ltr'><strong>pr.</strong></span> <span class='ocrx_word' id='word_1_198' title='bbox 485 1689 548 1742; x_wconf 85' lang='lat' dir='ltr'><strong>Put.</strong></span> <span class='ocrx_word' id='word_1_199' title='bbox 576 1687 642 1742; x_wconf 72' lang='lat' dir='ltr'><strong>niv.</strong></span> <span class='ocrx_word' id='word_1_200' title='bbox 666 1689 732 1742; x_wconf 90' lang='lat' dir='ltr'><strong>Ber.</strong></span> <span class='ocrx_word' id='word_1_201' title='bbox 754 1686 829 1741; x_wconf 87' lang='lat' dir='ltr'><strong>Pith.</strong></span> <span class='ocrx_word' id='word_1_202' title='bbox 849 1687 923 1740; x_wconf 69' lang='lat' dir='ltr'><strong>Erre.</strong></span> <span class='ocrx_word' id='word_1_203' title='bbox 942 1696 972 1740; x_wconf 89' lang='lat' dir='ltr'><strong>et</strong></span> <span class='ocrx_word' id='word_1_204' title='bbox 989 1705 1049 1741; x_wconf 92' lang='lat' dir='ltr'><strong>rec.</strong></span> <span class='ocrx_word' id='word_1_205' title='bbox 1086 1689 1229 1742; x_wconf 75' lang='lat' dir='ltr'><strong>emissum</strong></span> <span class='ocrx_word' id='word_1_206' title='bbox 1249 1695 1295 1741; x_wconf 87' lang='lat' dir='ltr'><strong>est</strong></span> <span class='ocrx_word' id='word_1_207' title='bbox 1314 1687 1346 1738; x_wconf 87' lang='lat' dir='ltr'><strong>in</strong></span> <span class='ocrx_word' id='word_1_208' title='bbox 1361 1683 1418 1736; x_wconf 85' lang='lat' dir='ltr'><strong>edd.</strong></span> 
     </span>
     <span class='ocr_line' id='line_1_20' title="bbox 192 1756 1422 1831; baseline -0.008 -15"><span class='ocrx_word' id='word_1_209' title='bbox 192 1760 286 1816; x_wconf 84' lang='lat' dir='ltr'><strong>Rhen.</strong></span> <span class='ocrx_word' id='word_1_210' title='bbox 306 1769 335 1816; x_wconf 91' lang='lat' dir='ltr'><strong>et</strong></span> <span class='ocrx_word' id='word_1_211' title='bbox 353 1763 407 1816; x_wconf 88' lang='lat' dir='ltr'><strong>rel.</strong></span> <span class='ocrx_word' id='word_1_212' title='bbox 427 1769 493 1816; x_wconf 78' lang='lat' dir='ltr'><strong>ente</strong></span> <span class='ocrx_word' id='word_1_213' title='bbox 511 1760 730 1831; x_wconf 77' lang='lat' dir='ltr'><strong>Pitlr.p1em‘tas</strong></span> <span class='ocrx_word' id='word_1_214' title='bbox 747 1763 810 1814; x_wconf 83' lang='lat' dir='ltr'><strong>Vat.</strong></span> <span class='ocrx_word' id='word_1_215' title='bbox 830 1763 909 1816; x_wconf 89' lang='grc'><strong>1518.</strong></span> <span class='ocrx_word' id='word_1_216' title='bbox 930 1760 992 1814; x_wconf 86' lang='lat' dir='ltr'><strong>edd.</strong></span> <span class='ocrx_word' id='word_1_217' title='bbox 1011 1760 1076 1830; x_wconf 90' lang='lat' dir='ltr'><strong>Bip.</strong></span> <span class='ocrx_word' id='word_1_218' title='bbox 1096 1761 1145 1814; x_wconf 88' lang='lat' dir='ltr'><strong>Ob.</strong></span> <span class='ocrx_word' id='word_1_219' title='bbox 1165 1759 1259 1814; x_wconf 81' lang='lat' dir='ltr'><strong>Bekk.</strong></span> <span class='ocrx_word' id='word_1_220' title='bbox 1279 1761 1352 1812; x_wconf 67' lang='lat' dir='ltr'><strong>lain.</strong></span> <span class='ocrx_word' id='word_1_221' title='bbox 1370 1756 1422 1808; x_wconf 54' lang='lat' dir='ltr'><strong>Dr,</strong></span> 
     </span>
     <span class='ocr_line' id='line_1_21' title="bbox 193 1833 1419 1910; baseline -0.007 -22"><span class='ocrx_word' id='word_1_222' title='bbox 193 1835 239 1888; x_wconf 87' lang='lat' dir='ltr'><strong>Os.</strong></span> <span class='ocrx_word' id='word_1_223' title='bbox 258 1834 305 1888; x_wconf 80' lang='lat' dir='ltr'><strong>(ir.</strong></span> <span class='ocrx_word' id='word_1_224' title='bbox 330 1833 486 1888; x_wconf 70' lang='lat' dir='ltr'><strong>Sententiae</strong></span> <span class='ocrx_word' id='word_1_225' title='bbox 500 1835 599 1905; x_wconf 81' lang='lat' dir='ltr'><strong>plenae</strong></span> <span class='ocrx_word' id='word_1_226' title='bbox 617 1843 684 1888; x_wconf 85' lang='lat' dir='ltr'><strong>sunt</strong></span> <span class='ocrx_word' id='word_1_227' title='bbox 703 1836 897 1910; x_wconf 24' lang='lat' dir='ltr'><strong>perfecteevet</strong></span> <span class='ocrx_word' id='word_1_228' title='bbox 915 1849 1035 1909; x_wconf 74' lang='lat' dir='ltr'><strong>graves,</strong></span> <span class='ocrx_word' id='word_1_229' title='bbox 1063 1849 1135 1902; x_wconf 81' lang='lat' dir='ltr'><strong>quse</strong></span> <span class='ocrx_word' id='word_1_230' title='bbox 1159 1837 1248 1886; x_wconf 81' lang='lat' dir='ltr'><strong>curtis</strong></span> <span class='ocrx_word' id='word_1_231' title='bbox 1274 1847 1419 1902; x_wconf 88' lang='lat' dir='ltr'><strong>opponun-</strong></span> 
     </span>
     <span class='ocr_line' id='line_1_22' title="bbox 158 1905 1422 1976; baseline -0.004 -17"><span class='ocrx_word' id='word_1_232' title='bbox 158 1967 160 1972; x_wconf 46' lang='grc'><strong>,</strong></span> <span class='ocrx_word' id='word_1_233' title='bbox 192 1913 258 1970; x_wconf 72' lang='lat' dir='ltr'><strong>tur,</strong></span> <span class='ocrx_word' id='word_1_234' title='bbox 285 1907 348 1975; x_wconf 80' lang='lat' dir='ltr'><strong>Btp.</strong></span> <span class='ocrx_word' id='word_1_235' title='bbox 394 1906 610 1976; x_wconf 83' lang='lat' dir='ltr'><strong>„Oppcnuntur</strong></span> <span class='ocrx_word' id='word_1_236' title='bbox 631 1907 752 1960; x_wconf 75' lang='lat' dir='ltr'><strong>fortasse</strong></span> <span class='ocrx_word' id='word_1_237' title='bbox 779 1909 897 1959; x_wconf 80' lang='lat' dir='ltr'><strong>minutis</strong></span> <span class='ocrx_word' id='word_1_238' title='bbox 925 1913 953 1957; x_wconf 83' lang='lat' dir='ltr'><strong>et</strong></span> <span class='ocrx_word' id='word_1_239' title='bbox 978 1908 1115 1973; x_wconf 77' lang='lat' dir='ltr'><strong>corruptis</strong></span> <span class='ocrx_word' id='word_1_240' title='bbox 1136 1905 1283 1960; x_wconf 67' lang='lat' dir='ltr'><strong>seniculis</strong></span> <span class='ocrx_word' id='word_1_241' title='bbox 1301 1911 1330 1955; x_wconf 79' lang='lat' dir='ltr'><strong>et</strong></span> <span class='ocrx_word' id='word_1_242' title='bbox 1347 1908 1422 1954; x_wconf 58' lang='lat' dir='ltr'><strong>extro*</strong></span> 
     </span>
     <span class='ocr_line' id='line_1_23' title="bbox 193 1975 1422 2048; baseline 0.001 -17"><span class='ocrx_word' id='word_1_243' title='bbox 193 1995 251 2031; x_wconf 75' lang='lat' dir='ltr'><strong>rem</strong></span> <span class='ocrx_word' id='word_1_244' title='bbox 267 1981 389 2048; x_wconf 71' lang='lat' dir='ltr'><strong>positis,</strong></span> <span class='ocrx_word' id='word_1_245' title='bbox 408 1977 444 2032; x_wconf 90' lang='lat' dir='ltr'><strong>de</strong></span> <span class='ocrx_word' id='word_1_246' title='bbox 463 1978 565 2048; x_wconf 82' lang='lat' dir='ltr'><strong>quibus</strong></span> <span class='ocrx_word' id='word_1_247' title='bbox 583 1997 611 2032; x_wconf 80' lang='lat' dir='ltr'><strong>v.</strong></span> <span class='ocrx_word' id='word_1_248' title='bbox 632 1979 755 2044; x_wconf 81' lang='lat' dir='ltr'><strong>Quintil.</strong></span> <span class='ocrx_word' id='word_1_249' title='bbox 773 1981 807 2041; x_wconf 87' lang='lat'><strong>8,</strong></span> <span class='ocrx_word' id='word_1_250' title='bbox 827 1979 853 2045; x_wconf 87' lang='lat'><strong>5,</strong></span> <span class='ocrx_word' id='word_1_251' title='bbox 874 1978 934 2033; x_wconf 76' lang='lat' dir='ltr'><em>w</em></span> <span class='ocrx_word' id='word_1_252' title='bbox 951 1979 1003 2031; x_wconf 85' lang='lat' dir='ltr'><strong>Dr.</strong></span> <span class='ocrx_word' id='word_1_253' title='bbox 1042 1977 1086 2030; x_wconf 76' lang='lat' dir='ltr'><strong>Gi.</strong></span> <span class='ocrx_word' id='word_1_254' title='bbox 1105 1977 1141 2030; x_wconf 86' lang='lat' dir='ltr'><strong>sd</strong></span> <span class='ocrx_word' id='word_1_255' title='bbox 1160 1995 1185 2030; x_wconf 90' lang='lat' dir='ltr'><strong>c.</strong></span> <span class='ocrx_word' id='word_1_256' title='bbox 1205 1979 1251 2032; x_wconf 83' lang='lat'><strong>18.</strong></span> <span class='ocrx_word' id='word_1_257' title='bbox 1271 1993 1300 2028; x_wconf 92' lang='lat' dir='ltr'><strong>n.</strong></span> <span class='ocrx_word' id='word_1_258' title='bbox 1319 1979 1344 2032; x_wconf 83' lang='lat'><strong>2.</strong></span> <span class='ocrx_word' id='word_1_259' title='bbox 1361 1975 1422 2042; x_wconf 65' lang='lat' dir='ltr'><strong>pla-¹</strong></span> 
     </span>
     <span class='ocr_line' id='line_1_24' title="bbox 193 2050 1422 2122; baseline -0.007 -18"><span class='ocrx_word' id='word_1_260' title='bbox 193 2056 272 2104; x_wconf 76' lang='lat' dir='ltr'><strong>nitas</strong></span> <span class='ocrx_word' id='word_1_261' title='bbox 289 2052 353 2104; x_wconf 80' lang='lat' dir='ltr'><strong>Vnt.</strong></span> <span class='ocrx_word' id='word_1_262' title='bbox 372 2053 452 2106; x_wconf 86' lang='grc'><strong>1882.</strong></span> <span class='ocrx_word' id='word_1_263' title='bbox 470 2053 553 2106; x_wconf 74' lang='lat' dir='ltr'><strong>teos.</strong></span> <span class='ocrx_word' id='word_1_264' title='bbox 571 2050 636 2105; x_wconf 84' lang='lat' dir='ltr'><strong>edd.</strong></span> <span class='ocrx_word' id='word_1_265' title='bbox 655 2067 754 2105; x_wconf 89' lang='lat' dir='ltr'><strong>omnes</strong></span> <span class='ocrx_word' id='word_1_266' title='bbox 773 2057 838 2104; x_wconf 87' lang='lat' dir='ltr'><strong>snte</strong></span> <span class='ocrx_word' id='word_1_267' title='bbox 856 2050 922 2120; x_wconf 85' lang='lat' dir='ltr'><strong>Bip.</strong></span> <span class='ocrx_word' id='word_1_268' title='bbox 941 2052 1117 2114; x_wconf 75' lang='lat' dir='ltr'><strong>„Sententiae</strong></span> <span class='ocrx_word' id='word_1_269' title='bbox 1131 2053 1253 2122; x_wconf 80' lang='lat' dir='ltr'><strong>planae,</strong></span> <span class='ocrx_word' id='word_1_270' title='bbox 1273 2063 1346 2117; x_wconf 81' lang='lat' dir='ltr'><strong>quae</strong></span> <span class='ocrx_word' id='word_1_271' title='bbox 1364 2062 1422 2097; x_wconf 85' lang='lat' dir='ltr'><strong>non</strong></span> 
     </span>
     <span class='ocr_line' id='line_1_25' title="bbox 193 2121 1415 2194; baseline -0.006 -18"><span class='ocrx_word' id='word_1_272' title='bbox 193 2140 260 2176; x_wconf 84' lang='lat' dir='ltr'><strong>curn</strong></span> <span class='ocrx_word' id='word_1_273' title='bbox 279 2123 353 2176; x_wconf 86' lang='lat' dir='ltr'><strong>vitio</strong></span> <span class='ocrx_word' id='word_1_274' title='bbox 371 2124 501 2178; x_wconf 72' lang='lat' dir='ltr'><strong>ceninent</strong></span> <span class='ocrx_word' id='word_1_275' title='bbox 526 2130 608 2177; x_wconf 82' lang='lat' dir='ltr'><strong>extre</strong></span> <span class='ocrx_word' id='word_1_276' title='bbox 631 2139 737 2194; x_wconf 85' lang='lat' dir='ltr'><strong>corpus</strong></span> <span class='ocrx_word' id='word_1_277' title='bbox 761 2123 921 2189; x_wconf 77' lang='lat' dir='ltr'><strong>orationis,</strong></span> <span class='ocrx_word' id='word_1_278' title='bbox 947 2139 1008 2177; x_wconf 92' lang='lat' dir='ltr'><strong>non</strong></span> <span class='ocrx_word' id='word_1_279' title='bbox 1031 2123 1121 2176; x_wconf 89' lang='lat' dir='ltr'><strong>nimis</strong></span> <span class='ocrx_word' id='word_1_280' title='bbox 1147 2131 1212 2176; x_wconf 84' lang='lat' dir='ltr'><strong>sunt</strong></span> <span class='ocrx_word' id='word_1_281' title='bbox 1230 2121 1415 2189; x_wconf 71' lang='lat' dir='ltr'><strong>constipatae,</strong></span> 
     </span>
     <span class='ocr_line' id='line_1_26' title="bbox 192 2195 1415 2272; baseline -0.006 -24"><span class='ocrx_word' id='word_1_282' title='bbox 192 2195 270 2249; x_wconf 88' lang='lat' dir='ltr'><strong>unde</strong></span> <span class='ocrx_word' id='word_1_283' title='bbox 291 2195 385 2250; x_wconf 76' lang='lat' dir='ltr'><strong>oratio</strong></span> <span class='ocrx_word' id='word_1_284' title='bbox 403 2195 537 2250; x_wconf 80' lang='lat' dir='ltr'><strong>redditur</strong></span> <span class='ocrx_word' id='word_1_285' title='bbox 554 2195 641 2248; x_wconf 88' lang='lat' dir='ltr'><strong>nimis</strong></span> <span class='ocrx_word' id='word_1_286' title='bbox 662 2196 778 2250; x_wconf 82' lang='lat' dir='ltr'><strong>concisa</strong></span> <span class='ocrx_word' id='word_1_287' title='bbox 796 2202 825 2249; x_wconf 89' lang='lat' dir='ltr'><strong>et</strong></span> <span class='ocrx_word' id='word_1_288' title='bbox 844 2197 955 2258; x_wconf 76' lang='lat' dir='ltr'><strong>soluta3</strong></span> <span class='ocrx_word' id='word_1_289' title='bbox 975 2214 1041 2249; x_wconf 84' lang='lat' dir='ltr'><strong>nam</strong></span> <span class='ocrx_word' id='word_1_290' title='bbox 1061 2213 1076 2249; x_wconf 92' lang='lat' dir='ltr'><strong>e</strong></span> <span class='ocrx_word' id='word_1_291' title='bbox 1095 2195 1232 2272; x_wconf 79' lang='lat' dir='ltr'><strong>singulis,</strong></span> <span class='ocrx_word' id='word_1_292' title='bbox 1255 2207 1316 2247; x_wconf 87' lang='lat' dir='ltr'><strong>non</strong></span> <span class='ocrx_word' id='word_1_293' title='bbox 1333 2209 1415 2242; x_wconf 83' lang='lat' dir='ltr'><strong>mern-</strong></span> 
     </span>
     <span class='ocr_line' id='line_1_27' title="bbox 192 2263 1422 2335; baseline -0.007 -14"><span class='ocrx_word' id='word_1_294' title='bbox 192 2268 270 2334; x_wconf 83' lang='lat' dir='ltr'><strong>bris,</strong></span> <span class='ocrx_word' id='word_1_295' title='bbox 289 2268 340 2322; x_wconf 87' lang='lat' dir='ltr'><strong>sed</strong></span> <span class='ocrx_word' id='word_1_296' title='bbox 357 2270 457 2324; x_wconf 77' lang='lat' dir='ltr'><strong>trustis</strong></span> <span class='ocrx_word' id='word_1_297' title='bbox 477 2269 585 2322; x_wconf 75' lang='lat' dir='ltr'><strong>collita</strong></span> <span class='ocrx_word' id='word_1_298' title='bbox 603 2277 683 2322; x_wconf 78' lang='lat' dir='ltr'><strong>caret</strong></span> <span class='ocrx_word' id='word_1_299' title='bbox 700 2275 855 2322; x_wconf 82' lang='lat' dir='ltr'><strong>structum.</strong></span> <span class='ocrx_word' id='word_1_300' title='bbox 875 2269 913 2321; x_wconf 83' lang='lat' dir='ltr'><strong>cf.</strong></span> <span class='ocrx_word' id='word_1_301' title='bbox 932 2269 1055 2335; x_wconf 83' lang='lat' dir='ltr'><strong>Quintil.</strong></span> <span class='ocrx_word' id='word_1_302' title='bbox 1073 2272 1109 2330; x_wconf 87' lang='lat'><strong>8,</strong></span> <span class='ocrx_word' id='word_1_303' title='bbox 1128 2272 1165 2335; x_wconf 92' lang='grc'><strong>5,</strong></span> <span class='ocrx_word' id='word_1_304' title='bbox 1185 2271 1251 2325; x_wconf 86' lang='grc'><strong>29.”</strong></span> <span class='ocrx_word' id='word_1_305' title='bbox 1271 2264 1332 2318; x_wconf 70' lang='lat' dir='ltr'><strong>set.</strong></span> <span class='ocrx_word' id='word_1_306' title='bbox 1360 2263 1422 2314; x_wconf 51' lang='lat' dir='ltr'><em>Pla-¹</em></span> 
     </span>
     <span class='ocr_line' id='line_1_28' title="bbox 193 2335 1414 2411; baseline -0.006 -18"><span class='ocrx_word' id='word_1_307' title='bbox 193 2360 232 2393; x_wconf 80' lang='lat' dir='ltr'><strong>na</strong></span> <span class='ocrx_word' id='word_1_308' title='bbox 249 2347 401 2405; x_wconf 77' lang='lat' dir='ltr'><strong>sententia,</strong></span> <span class='ocrx_word' id='word_1_309' title='bbox 427 2347 520 2405; x_wconf 80' lang='lat' dir='ltr'><strong>ratio,</strong></span> <span class='ocrx_word' id='word_1_310' title='bbox 543 2341 671 2410; x_wconf 77' lang='lat' dir='ltr'><strong>probatio</strong></span> <span class='ocrx_word' id='word_1_311' title='bbox 700 2349 728 2394; x_wconf 89' lang='lat' dir='ltr'><strong>et</strong></span> <span class='ocrx_word' id='word_1_312' title='bbox 754 2345 884 2394; x_wconf 68' lang='lat' dir='ltr'><strong>neuntio</strong></span> <span class='ocrx_word' id='word_1_313' title='bbox 903 2349 946 2394; x_wconf 87' lang='lat' dir='ltr'><strong>est</strong></span> <span class='ocrx_word' id='word_1_314' title='bbox 963 2342 1119 2411; x_wconf 83' lang='lat' dir='ltr'><strong>perspicua</strong></span> <span class='ocrx_word' id='word_1_315' title='bbox 1139 2349 1167 2394; x_wconf 92' lang='lat' dir='ltr'><strong>et</strong></span> <span class='ocrx_word' id='word_1_316' title='bbox 1185 2341 1284 2393; x_wconf 80' lang='lat' dir='ltr'><strong>facilis</strong></span> <span class='ocrx_word' id='word_1_317' title='bbox 1305 2335 1414 2390; x_wconf 85' lang='lat' dir='ltr'><strong>intelle·</strong></span> 
     </span>
     <span class='ocr_line' id='line_1_29' title="bbox 193 2413 1422 2482; baseline -0.001 -17"><span class='ocrx_word' id='word_1_318' title='bbox 193 2420 252 2466; x_wconf 82' lang='lat' dir='ltr'><strong>ctu.</strong></span> <span class='ocrx_word' id='word_1_319' title='bbox 288 2413 346 2468; x_wconf 89' lang='lat' dir='ltr'><strong>Sed</strong></span> <span class='ocrx_word' id='word_1_320' title='bbox 364 2415 501 2469; x_wconf 77' lang='lat' dir='ltr'><strong>substent.</strong></span> <span class='ocrx_word' id='word_1_321' title='bbox 522 2417 650 2482; x_wconf 79' lang='lat' dir='ltr'><strong>planitas</strong></span> <span class='ocrx_word' id='word_1_322' title='bbox 674 2429 735 2466; x_wconf 88' lang='lat' dir='ltr'><strong>non</strong></span> <span class='ocrx_word' id='word_1_323' title='bbox 754 2413 786 2466; x_wconf 83' lang='lat' dir='ltr'><strong>in</strong></span> <span class='ocrx_word' id='word_1_324' title='bbox 804 2432 858 2466; x_wconf 87' lang='lat' dir='ltr'><strong>usu</strong></span> <span class='ocrx_word' id='word_1_325' title='bbox 875 2413 962 2468; x_wconf 74' lang='lat' dir='ltr'><strong>fluisse</strong></span> <span class='ocrx_word' id='word_1_326' title='bbox 980 2413 1106 2466; x_wconf 79' lang='lat' dir='ltr'><strong>ridetur.</strong></span> <span class='ocrx_word' id='word_1_327' title='bbox 1142 2419 1341 2468; x_wconf 79' lang='lat' dir='ltr'><strong>sententiarum</strong></span> <span class='ocrx_word' id='word_1_328' title='bbox 1357 2413 1422 2478; x_wconf 59' lang='lat' dir='ltr'><strong>gra-¹</strong></span> 
     </span>
     <span class='ocr_line' id='line_1_30' title="bbox 191 2482 1412 2561; baseline -0.009 -21"><span class='ocrx_word' id='word_1_329' title='bbox 191 2489 264 2540; x_wconf 78' lang='lat' dir='ltr'><strong>uitas</strong></span> <span class='ocrx_word' id='word_1_330' title='bbox 292 2487 338 2552; x_wconf 88' lang='lat' dir='ltr'><strong>(ut</strong></span> <span class='ocrx_word' id='word_1_331' title='bbox 364 2495 465 2542; x_wconf 78' lang='lat' dir='ltr'><strong>contre</strong></span> <span class='ocrx_word' id='word_1_332' title='bbox 488 2495 556 2542; x_wconf 78' lang='lat' dir='ltr'><strong>emt.</strong></span> <span class='ocrx_word' id='word_1_333' title='bbox 587 2489 685 2540; x_wconf 81' lang='lat' dir='ltr'><strong>leuitas</strong></span> <span class='ocrx_word' id='word_1_334' title='bbox 708 2503 733 2538; x_wconf 92' lang='lat' dir='ltr'><strong>c.</strong></span> <span class='ocrx_word' id='word_1_335' title='bbox 752 2488 811 2552; x_wconf 87' lang='grc'><strong>26.)</strong></span> <span class='ocrx_word' id='word_1_336' title='bbox 839 2485 915 2538; x_wconf 88' lang='lat' dir='ltr'><strong>coni.</strong></span> <span class='ocrx_word' id='word_1_337' title='bbox 938 2484 1105 2561; x_wconf 71' lang='lat' dir='ltr'><strong>Schulting.</strong></span> <span class='ocrx_word' id='word_1_338' title='bbox 1125 2493 1155 2538; x_wconf 92' lang='lat' dir='ltr'><strong>et</strong></span> <span class='ocrx_word' id='word_1_339' title='bbox 1172 2505 1194 2540; x_wconf 86' lang='lat' dir='ltr'><strong>s.</strong></span> <span class='ocrx_word' id='word_1_340' title='bbox 1213 2487 1325 2540; x_wconf 79' lang='lat' dir='ltr'><strong>sanitas</strong></span> <span class='ocrx_word' id='word_1_341' title='bbox 1343 2482 1412 2549; x_wconf 81' lang='lat' dir='ltr'><strong>Lips.</strong></span> 
     </span>
     <span class='ocr_line' id='line_1_31' title="bbox 193 2553 1411 2630; baseline -0.007 -17"><span class='ocrx_word' id='word_1_342' title='bbox 193 2557 272 2628; x_wconf 84' lang='lat' dir='ltr'><strong>quod</strong></span> <span class='ocrx_word' id='word_1_343' title='bbox 295 2575 400 2614; x_wconf 86' lang='lat' dir='ltr'><strong>rerum</strong></span> <span class='ocrx_word' id='word_1_344' title='bbox 425 2561 545 2630; x_wconf 80' lang='lat' dir='ltr'><strong>putebat</strong></span> <span class='ocrx_word' id='word_1_345' title='bbox 568 2559 640 2613; x_wconf 74' lang='lat' dir='ltr'><strong>Em.</strong></span> <span class='ocrx_word' id='word_1_346' title='bbox 677 2566 719 2612; x_wconf 84' lang='lat' dir='ltr'><strong>est</strong></span> <span class='ocrx_word' id='word_1_347' title='bbox 741 2575 777 2612; x_wconf 77' lang='lat' dir='ltr'><strong>ex</strong></span> <span class='ocrx_word' id='word_1_348' title='bbox 802 2557 879 2612; x_wconf 85' lang='lat' dir='ltr'>MSS.</span> <span class='ocrx_word' id='word_1_349' title='bbox 904 2559 970 2610; x_wconf 67' lang='lat' dir='ltr'><strong>Vst·</strong></span> <span class='ocrx_word' id='word_1_350' title='bbox 995 2558 1163 2612; x_wconf 77' lang='lat' dir='ltr'><strong>adiecerunt</strong></span> <span class='ocrx_word' id='word_1_351' title='bbox 1188 2559 1269 2612; x_wconf 85' lang='lat' dir='ltr'><strong>Brot.</strong></span> <span class='ocrx_word' id='word_1_352' title='bbox 1289 2557 1350 2625; x_wconf 92' lang='lat' dir='ltr'><strong>Bip.</strong></span> <span class='ocrx_word' id='word_1_353' title='bbox 1367 2553 1411 2605; x_wconf 89' lang='lat' dir='ltr'><strong>Dr.</strong></span> 
     </span>
     <span class='ocr_line' id='line_1_32' title="bbox 193 2630 1413 2707; baseline -0.007 -23"><span class='ocrx_word' id='word_1_354' title='bbox 193 2631 241 2684; x_wconf 92' lang='lat' dir='ltr'><strong>0r.</strong></span> <span class='ocrx_word' id='word_1_355' title='bbox 276 2631 364 2686; x_wconf 83' lang='lat' dir='ltr'><strong>Abest</strong></span> <span class='ocrx_word' id='word_1_356' title='bbox 381 2641 478 2686; x_wconf 81' lang='lat' dir='ltr'><strong>tamen</strong></span> <span class='ocrx_word' id='word_1_357' title='bbox 496 2651 512 2686; x_wconf 88' lang='lat' dir='ltr'><strong>s</strong></span> <span class='ocrx_word' id='word_1_358' title='bbox 530 2633 653 2701; x_wconf 85' lang='lat' dir='ltr'><strong>reliquis</strong></span> <span class='ocrx_word' id='word_1_359' title='bbox 672 2631 737 2686; x_wconf 90' lang='lat' dir='ltr'><strong>edd.</strong></span> <span class='ocrx_word' id='word_1_360' title='bbox 757 2639 786 2684; x_wconf 93' lang='lat' dir='ltr'><strong>et</strong></span> <span class='ocrx_word' id='word_1_361' title='bbox 804 2631 900 2707; x_wconf 78' lang='lat' dir='ltr'><strong>glossa</strong></span> <span class='ocrx_word' id='word_1_362' title='bbox 917 2630 1015 2684; x_wconf 87' lang='lat' dir='ltr'><strong>rideri</strong></span> <span class='ocrx_word' id='word_1_363' title='bbox 1033 2639 1137 2700; x_wconf 90' lang='lat' dir='ltr'><strong>potest.</strong></span> <span class='ocrx_word' id='word_1_364' title='bbox 1155 2659 1192 2672; x_wconf 88' lang='lat'><strong>--</strong></span> <span class='ocrx_word' id='word_1_365' title='bbox 1208 2635 1251 2684; x_wconf 83' lang='lat' dir='ltr'><strong>sic</strong></span> <span class='ocrx_word' id='word_1_366' title='bbox 1269 2630 1413 2699; x_wconf 77' lang='lat' dir='ltr'><strong>exprimitis</strong></span> 
     </span>
     <span class='ocr_line' id='line_1_33' title="bbox 193 2699 1412 2772; baseline -0.003 -16"><span class='ocrx_word' id='word_1_367' title='bbox 193 2700 325 2771; x_wconf 80' lang='lat' dir='ltr'><strong>affectus,</strong></span> <span class='ocrx_word' id='word_1_368' title='bbox 345 2705 494 2772; x_wconf 82' lang='lat' dir='ltr'><strong>excitetis,</strong></span> <span class='ocrx_word' id='word_1_369' title='bbox 513 2705 638 2759; x_wconf 85' lang='lat' dir='ltr'><strong>moretis</strong></span> <span class='ocrx_word' id='word_1_370' title='bbox 657 2705 790 2758; x_wconf 80' lang='lat' dir='ltr'><strong>oratione</strong></span> <span class='ocrx_word' id='word_1_371' title='bbox 816 2711 912 2758; x_wconf 82' lang='lat' dir='ltr'><strong>vestre</strong></span> <span class='ocrx_word' id='word_1_372' title='bbox 929 2703 1181 2772; x_wconf 82' lang='lat' dir='ltr'><strong>misericordiam,</strong></span> <span class='ocrx_word' id='word_1_373' title='bbox 1211 2705 1302 2768; x_wconf 72' lang='lat' dir='ltr'><strong>iram,</strong></span> <span class='ocrx_word' id='word_1_374' title='bbox 1322 2699 1412 2754; x_wconf 89' lang='lat' dir='ltr'><strong>odium</strong></span> 
     </span>
     <span class='ocr_line' id='line_1_34' title="bbox 194 2771 1412 2846; baseline -0.002 -18"><span class='ocrx_word' id='word_1_375' title='bbox 194 2783 265 2842; x_wconf 63' lang='lat' dir='ltr'><strong>oet„</strong></span> <span class='ocrx_word' id='word_1_376' title='bbox 284 2780 325 2828; x_wconf 80' lang='lat' dir='ltr'><strong>sic</strong></span> <span class='ocrx_word' id='word_1_377' title='bbox 343 2777 501 2831; x_wconf 77' lang='lat' dir='ltr'><strong>liber-tutem</strong></span> <span class='ocrx_word' id='word_1_378' title='bbox 521 2777 696 2832; x_wconf 87' lang='lat' dir='ltr'><strong>indicendo</strong></span> <span class='ocrx_word' id='word_1_379' title='bbox 715 2781 890 2846; x_wconf 70' lang='lat' dir='ltr'><strong>temperatis,</strong></span> <span class='ocrx_word' id='word_1_380' title='bbox 916 2775 1078 2846; x_wconf 85' lang='lat' dir='ltr'><strong>prudenter</strong></span> <span class='ocrx_word' id='word_1_381' title='bbox 1097 2784 1126 2828; x_wconf 91' lang='lat' dir='ltr'><strong>et</strong></span> <span class='ocrx_word' id='word_1_382' title='bbox 1144 2785 1228 2832; x_wconf 81' lang='lat' dir='ltr'><strong>caute</strong></span> <span class='ocrx_word' id='word_1_383' title='bbox 1247 2771 1412 2829; x_wconf 84' lang='lat' dir='ltr'><strong>moderemi-</strong></span> 
     </span>
     <span class='ocr_line' id='line_1_35' title="bbox 193 2842 1411 2922; baseline -0.004 -22"><span class='ocrx_word' id='word_1_384' title='bbox 193 2848 242 2912; x_wconf 83' lang='lat' dir='ltr'><strong>ni,</strong></span> <span class='ocrx_word' id='word_1_385' title='bbox 270 2865 307 2901; x_wconf 91' lang='lat' dir='ltr'><strong>ne</strong></span> <span class='ocrx_word' id='word_1_386' title='bbox 330 2849 483 2903; x_wconf 79' lang='lat' dir='ltr'><strong>offendetis</strong></span> <span class='ocrx_word' id='word_1_387' title='bbox 508 2865 604 2919; x_wconf 87' lang='lat' dir='ltr'><strong>neque</strong></span> <span class='ocrx_word' id='word_1_388' title='bbox 622 2857 720 2904; x_wconf 80' lang='lat' dir='ltr'><strong>tumen</strong></span> <span class='ocrx_word' id='word_1_389' title='bbox 736 2849 835 2902; x_wconf 88' lang='lat' dir='ltr'><strong>timidi</strong></span> <span class='ocrx_word' id='word_1_390' title='bbox 854 2856 883 2903; x_wconf 88' lang='lat' dir='ltr'><strong>et</strong></span> <span class='ocrx_word' id='word_1_391' title='bbox 901 2848 1002 2922; x_wconf 77' lang='lat' dir='ltr'><strong>ignari</strong></span> <span class='ocrx_word' id='word_1_392' title='bbox 1020 2848 1197 2914; x_wconf 77' lang='lat' dir='ltr'><strong>videamini3</strong></span> <span class='ocrx_word' id='word_1_393' title='bbox 1226 2849 1331 2903; x_wconf 65' lang='lat' dir='ltr'><strong>sehale</strong></span> <span class='ocrx_word' id='word_1_394' title='bbox 1350 2842 1411 2895; x_wconf 87' lang='lat' dir='ltr'><strong>coll.</strong></span> 
     </span>
     <span class='ocr_line' id='line_1_36' title="bbox 194 2919 1411 2991; baseline -0.005 -15"><span class='ocrx_word' id='word_1_395' title='bbox 194 2937 256 2990; x_wconf 76' lang='lat' dir='ltr'><strong>cap.</strong></span> <span class='ocrx_word' id='word_1_396' title='bbox 275 2923 311 2976; x_wconf 82' lang='grc'><strong>27</strong></span> <span class='ocrx_word' id='word_1_397' title='bbox 329 2931 403 2974; x_wconf 87' lang='lat' dir='ltr'><strong>extr.</strong></span> <span class='ocrx_word' id='word_1_398' title='bbox 422 2941 450 2974; x_wconf 88' lang='lat' dir='ltr'><strong>r.</strong></span> <span class='ocrx_word' id='word_1_399' title='bbox 469 2921 505 2974; x_wconf 86' lang='lat' dir='ltr'><strong>sd</strong></span> <span class='ocrx_word' id='word_1_400' title='bbox 523 2939 585 2991; x_wconf 81' lang='lat' dir='ltr'><strong>cap.</strong></span> <span class='ocrx_word' id='word_1_401' title='bbox 604 2924 648 2977; x_wconf 92' lang='grc'><strong>21.</strong></span> <span class='ocrx_word' id='word_1_402' title='bbox 668 2940 697 2975; x_wconf 85' lang='lat' dir='ltr'><strong>n.</strong></span> <span class='ocrx_word' id='word_1_403' title='bbox 717 2925 743 2977; x_wconf 83' lang='lat'><strong>7.</strong></span> <span class='ocrx_word' id='word_1_404' title='bbox 761 2951 799 2962; x_wconf 93' lang='lat'><em>-</em></span> <span class='ocrx_word' id='word_1_405' title='bbox 817 2926 929 2974; x_wconf 78' lang='lat' dir='ltr'><strong>etiamsi</strong></span> <span class='ocrx_word' id='word_1_406' title='bbox 945 2930 1060 2984; x_wconf 76' lang='lat' dir='ltr'><strong>noma,</strong></span> <span class='ocrx_word' id='word_1_407' title='bbox 1081 2931 1250 2976; x_wconf 85' lang='lat' dir='ltr'><strong>nostrorum</strong></span> <span class='ocrx_word' id='word_1_408' title='bbox 1269 2919 1411 2973; x_wconf 86' lang='lat' dir='ltr'><strong>hominum</strong></span> 
     </span>
     <span class='ocr_line' id='line_1_37' title="bbox 193 2989 1413 3064; baseline -0.002 -18"><span class='ocrx_word' id='word_1_409' title='bbox 193 2999 223 3046; x_wconf 91' lang='lat' dir='ltr'><strong>et</strong></span> <span class='ocrx_word' id='word_1_410' title='bbox 240 2993 422 3062; x_wconf 74' lang='lat' dir='ltr'><strong>aequalium,</strong></span> <span class='ocrx_word' id='word_1_411' title='bbox 442 2995 545 3048; x_wconf 78' lang='lat' dir='ltr'><strong>iudicia</strong></span> <span class='ocrx_word' id='word_1_412' title='bbox 562 2997 730 3064; x_wconf 67' lang='lat' dir='ltr'><strong>malignitas</strong></span> <span class='ocrx_word' id='word_1_413' title='bbox 746 3023 784 3034; x_wconf 94' lang='lat'>—</span> <span class='ocrx_word' id='word_1_414' title='bbox 803 3001 901 3054; x_wconf 78' lang='lat' dir='ltr'><strong>nostri,</strong></span> <span class='ocrx_word' id='word_1_415' title='bbox 918 3011 947 3046; x_wconf 86' lang='lat' dir='ltr'><strong>r.</strong></span> <span class='ocrx_word' id='word_1_416' title='bbox 965 2994 1002 3046; x_wconf 85' lang='lat' dir='ltr'><strong>sd</strong></span> <span class='ocrx_word' id='word_1_417' title='bbox 1020 2993 1095 3046; x_wconf 87' lang='lat' dir='ltr'><strong>Ann.</strong></span> <span class='ocrx_word' id='word_1_418' title='bbox 1113 2998 1141 3059; x_wconf 79' lang='lat'><strong>2,</strong></span> <span class='ocrx_word' id='word_1_419' title='bbox 1159 2998 1205 3062; x_wconf 85' lang='lat'><strong>88,</strong></span> <span class='ocrx_word' id='word_1_420' title='bbox 1225 2999 1253 3050; x_wconf 83' lang='lat'><strong>2.</strong></span> <span class='ocrx_word' id='word_1_421' title='bbox 1288 2989 1413 3060; x_wconf 71' lang='lat' dir='ltr'><strong>Maligni-</strong></span> 
     </span>
     <span class='ocr_line' id='line_1_38' title="bbox 192 3059 1410 3136; baseline 0 -20"><span class='ocrx_word' id='word_1_422' title='bbox 192 3073 236 3116; x_wconf 80' lang='lat' dir='ltr'><strong>tas</strong></span> <span class='ocrx_word' id='word_1_423' title='bbox 255 3071 285 3118; x_wconf 88' lang='lat' dir='ltr'><strong>et</strong></span> <span class='ocrx_word' id='word_1_424' title='bbox 302 3066 481 3120; x_wconf 79' lang='lat' dir='ltr'><strong>invidiaiere</strong></span> <span class='ocrx_word' id='word_1_425' title='bbox 500 3081 601 3136; x_wconf 74' lang='lat' dir='ltr'><strong>synon</strong></span> <span class='ocrx_word' id='word_1_426' title='bbox 621 3066 713 3120; x_wconf 72' lang='lat' dir='ltr'><strong>ctae</strong></span> <span class='ocrx_word' id='word_1_427' title='bbox 726 3085 751 3120; x_wconf 86' lang='lat' dir='ltr'><strong>c.</strong></span> <span class='ocrx_word' id='word_1_428' title='bbox 760 3071 788 3122; x_wconf 84' lang='lat'><strong>6.</strong></span> <span class='ocrx_word' id='word_1_429' title='bbox 800 3085 829 3120; x_wconf 88' lang='lat' dir='ltr'><strong>n.</strong></span> <span class='ocrx_word' id='word_1_430' title='bbox 840 3068 867 3123; x_wconf 91' lang='grc'><strong>5.</strong></span> <span class='ocrx_word' id='word_1_431' title='bbox 887 3066 967 3122; x_wconf 78' lang='lat' dir='ltr'><strong>etad</strong></span> <span class='ocrx_word' id='word_1_432' title='bbox 984 3083 1010 3118; x_wconf 91' lang='lat' dir='ltr'><strong>c.</strong></span> <span class='ocrx_word' id='word_1_433' title='bbox 1019 3067 1062 3122; x_wconf 88' lang='grc'><strong>15.</strong></span> <span class='ocrx_word' id='word_1_434' title='bbox 1070 3085 1103 3130; x_wconf 78' lang='lat' dir='ltr'><strong>n.</strong></span> <span class='ocrx_word' id='word_1_435' title='bbox 1116 3073 1141 3122; x_wconf 88' lang='lat'><strong>1.</strong></span> <span class='ocrx_word' id='word_1_436' title='bbox 1162 3069 1270 3120; x_wconf 79' lang='lat' dir='ltr'><strong>dicturi</strong></span> <span class='ocrx_word' id='word_1_437' title='bbox 1285 3059 1410 3119; x_wconf 80' lang='lat' dir='ltr'><strong>sint&#39;edd·</strong></span> 
     </span>
     <span class='ocr_line' id='line_1_39' title="bbox 193 3133 1411 3205; baseline -0.004 -17"><span class='ocrx_word' id='word_1_438' title='bbox 193 3136 272 3205; x_wconf 79' lang='lat' dir='ltr'><strong>hips.</strong></span> <span class='ocrx_word' id='word_1_439' title='bbox 293 3155 308 3190; x_wconf 93' lang='lat' dir='ltr'><strong>e</strong></span> <span class='ocrx_word' id='word_1_440' title='bbox 328 3155 353 3190; x_wconf 91' lang='lat' dir='ltr'><strong>c.</strong></span> <span class='ocrx_word' id='word_1_441' title='bbox 372 3138 458 3192; x_wconf 78' lang='lat' dir='ltr'><strong>Ferri.</strong></span> <span class='ocrx_word' id='word_1_442' title='bbox 478 3145 508 3192; x_wconf 88' lang='lat' dir='ltr'><strong>et</strong></span> <span class='ocrx_word' id='word_1_443' title='bbox 527 3155 585 3192; x_wconf 90' lang='lat' dir='ltr'><strong>rec.</strong></span> <span class='ocrx_word' id='word_1_444' title='bbox 605 3158 633 3192; x_wconf 83' lang='lat' dir='ltr'><strong>r.</strong></span> <span class='ocrx_word' id='word_1_445' title='bbox 653 3138 688 3192; x_wconf 80' lang='lat' dir='ltr'><strong>ed</strong></span> <span class='ocrx_word' id='word_1_446' title='bbox 707 3156 732 3193; x_wconf 90' lang='lat' dir='ltr'><strong>c.</strong></span> <span class='ocrx_word' id='word_1_447' title='bbox 751 3144 777 3194; x_wconf 84' lang='lat'><strong>1.</strong></span> <span class='ocrx_word' id='word_1_448' title='bbox 797 3158 826 3192; x_wconf 89' lang='lat' dir='ltr'><strong>n.</strong></span> <span class='ocrx_word' id='word_1_449' title='bbox 845 3145 871 3195; x_wconf 83' lang='grc'><strong>3.</strong></span> <span class='ocrx_word' id='word_1_450' title='bbox 908 3139 1004 3192; x_wconf 76' lang='lat' dir='ltr'><strong>daturi</strong></span> <span class='ocrx_word' id='word_1_451' title='bbox 1020 3143 1076 3193; x_wconf 77' lang='lat' dir='ltr'><strong>sint</strong></span> <span class='ocrx_word' id='word_1_452' title='bbox 1095 3141 1159 3194; x_wconf 91' lang='lat' dir='ltr'><strong>edd.</strong></span> <span class='ocrx_word' id='word_1_453' title='bbox 1179 3148 1238 3194; x_wconf 85' lang='lat' dir='ltr'><strong>vet.</strong></span> <span class='ocrx_word' id='word_1_454' title='bbox 1277 3137 1332 3192; x_wconf 83' lang='lat' dir='ltr'><strong>Sed</strong></span> <span class='ocrx_word' id='word_1_455' title='bbox 1348 3133 1411 3188; x_wconf 73' lang='lat' dir='ltr'><strong>indt-</strong></span> 
     </span>
     <span class='ocr_line' id='line_1_40' title="bbox 193 3208 1409 3286; baseline 0.004 -25"><span class='ocrx_word' id='word_1_456' title='bbox 193 3213 265 3262; x_wconf 83' lang='lat' dir='ltr'><strong>cium</strong></span> <span class='ocrx_word' id='word_1_457' title='bbox 288 3210 354 3262; x_wconf 79' lang='lat' dir='ltr'><strong>dare</strong></span> <span class='ocrx_word' id='word_1_458' title='bbox 378 3226 439 3263; x_wconf 90' lang='lat' dir='ltr'><strong>non</strong></span> <span class='ocrx_word' id='word_1_459' title='bbox 458 3211 587 3275; x_wconf 74' lang='lat' dir='ltr'><strong>dicitur3</strong></span> <span class='ocrx_word' id='word_1_460' title='bbox 611 3212 733 3266; x_wconf 74' lang='lat' dir='ltr'><strong>Drosike.</strong></span> <span class='ocrx_word' id='word_1_461' title='bbox 770 3211 909 3281; x_wconf 79' lang='lat' dir='ltr'><strong>„Dicitur</strong></span> <span class='ocrx_word' id='word_1_462' title='bbox 932 3213 1070 3281; x_wconf 85' lang='lat' dir='ltr'><strong>quidem,</strong></span> <span class='ocrx_word' id='word_1_463' title='bbox 1097 3213 1147 3266; x_wconf 82' lang='lat' dir='ltr'><strong>sed</strong></span> <span class='ocrx_word' id='word_1_464' title='bbox 1166 3213 1226 3266; x_wconf 82' lang='lat' dir='ltr'><strong>elio</strong></span> <span class='ocrx_word' id='word_1_465' title='bbox 1245 3208 1409 3286; x_wconf 68' lang='lat' dir='ltr'><strong>significatu,</strong></span> 
     </span>
     <span class='ocr_line' id='line_1_41' title="bbox 192 3280 1410 3352; baseline 0.004 -18"><span class='ocrx_word' id='word_1_466' title='bbox 192 3281 256 3334; x_wconf 86' lang='lat' dir='ltr'><strong>scii.</strong></span> <span class='ocrx_word' id='word_1_467' title='bbox 275 3281 312 3336; x_wconf 92' lang='lat' dir='ltr'><strong>de</strong></span> <span class='ocrx_word' id='word_1_468' title='bbox 330 3289 475 3352; x_wconf 75' lang='lat' dir='ltr'><strong>praetore.</strong></span> <span class='ocrx_word' id='word_1_469' title='bbox 512 3285 682 3338; x_wconf 86' lang='lat' dir='ltr'><strong>Posterioris</strong></span> <span class='ocrx_word' id='word_1_470' title='bbox 701 3283 865 3338; x_wconf 69' lang='lat' dir='ltr'><strong>Latinitatis</strong></span> <span class='ocrx_word' id='word_1_471' title='bbox 884 3293 928 3339; x_wconf 90' lang='lat' dir='ltr'><strong>est</strong></span> <span class='ocrx_word' id='word_1_472' title='bbox 947 3285 1033 3341; x_wconf 84' lang='lat' dir='ltr'><strong>etism</strong></span> <span class='ocrx_word' id='word_1_473' title='bbox 1051 3287 1117 3338; x_wconf 72' lang='lat' dir='ltr'><strong>dere</strong></span> <span class='ocrx_word' id='word_1_474' title='bbox 1138 3293 1304 3340; x_wconf 79' lang='lat' dir='ltr'><strong>sententiam</strong></span> <span class='ocrx_word' id='word_1_475' title='bbox 1321 3281 1350 3332; x_wconf 80' lang='lat' dir='ltr'><strong>de</strong></span> <span class='ocrx_word' id='word_1_476' title='bbox 1365 3280 1410 3331; x_wconf 71' lang='lat'><em>011¹·</em></span> 
     </span>
     <span class='ocr_line' id='line_1_42' title="bbox 193 3351 1409 3429; baseline -0.003 -25"><span class='ocrx_word' id='word_1_477' title='bbox 193 3371 248 3424; x_wconf 79' lang='lat' dir='ltr'><strong>qua</strong></span> <span class='ocrx_word' id='word_1_478' title='bbox 267 3371 312 3416; x_wconf 82' lang='lat' dir='ltr'><strong>re,</strong></span> <span class='ocrx_word' id='word_1_479' title='bbox 330 3362 365 3406; x_wconf 87' lang='lat' dir='ltr'><strong>ut</strong></span> <span class='ocrx_word' id='word_1_480' title='bbox 383 3371 427 3424; x_wconf 80' lang='lat' dir='ltr'><strong>sp.</strong></span> <span class='ocrx_word' id='word_1_481' title='bbox 447 3355 548 3410; x_wconf 82' lang='lat' dir='ltr'><strong>Bosth.</strong></span> <span class='ocrx_word' id='word_1_482' title='bbox 578 3357 610 3410; x_wconf 86' lang='lat' dir='ltr'><strong>in</strong></span> <span class='ocrx_word' id='word_1_483' title='bbox 634 3357 696 3412; x_wconf 81' lang='lat' dir='ltr'><strong>cio.</strong></span> <span class='ocrx_word' id='word_1_484' title='bbox 723 3357 795 3428; x_wconf 82' lang='lat' dir='ltr'><strong>Top.</strong></span> <span class='ocrx_word' id='word_1_485' title='bbox 816 3358 840 3410; x_wconf 88' lang='lat' dir='ltr'><strong>l.</strong></span> <span class='ocrx_word' id='word_1_486' title='bbox 866 3376 895 3429; x_wconf 89' lang='lat' dir='ltr'><strong>p.</strong></span> <span class='ocrx_word' id='word_1_487' title='bbox 914 3361 977 3414; x_wconf 74' lang='lat'><strong>762.</strong></span> <span class='ocrx_word' id='word_1_488' title='bbox 997 3358 1042 3412; x_wconf 90' lang='lat' dir='ltr'><strong>ed.</strong></span> <span class='ocrx_word' id='word_1_489' title='bbox 1061 3357 1123 3412; x_wconf 82' lang='lat' dir='ltr'><strong>Bes.</strong></span> <span class='ocrx_word' id='word_1_490' title='bbox 1144 3359 1223 3428; x_wconf 88' lang='lat' dir='ltr'><strong>quod</strong></span> <span class='ocrx_word' id='word_1_491' title='bbox 1241 3355 1365 3412; x_wconf 79' lang='lat' dir='ltr'><strong>nondrun</strong></span> <span class='ocrx_word' id='word_1_492' title='bbox 1382 3351 1409 3401; x_wconf 88' lang='lat' dir='ltr'><strong>in</strong></span> 
     </span>
     <span class='ocr_line' id='line_1_43' title="bbox 194 3423 1409 3505; baseline -0.002 -26"><span class='ocrx_word' id='word_1_493' title='bbox 194 3425 300 3482; x_wconf 77' lang='lat' dir='ltr'><strong>bexice</strong></span> <span class='ocrx_word' id='word_1_494' title='bbox 319 3427 444 3481; x_wconf 79' lang='lat' dir='ltr'><strong>relatum</strong></span> <span class='ocrx_word' id='word_1_495' title='bbox 463 3437 545 3500; x_wconf 89' lang='lat' dir='ltr'><strong>puto.</strong></span> <span class='ocrx_word' id='word_1_496' title='bbox 581 3429 665 3505; x_wconf 70' lang='lat' dir='ltr'><strong>Ego,</strong></span> <span class='ocrx_word' id='word_1_497' title='bbox 689 3429 747 3482; x_wconf 85' lang='lat' dir='ltr'><strong>nisi</strong></span> <span class='ocrx_word' id='word_1_498' title='bbox 770 3447 825 3500; x_wconf 88' lang='lat' dir='ltr'><strong>pro</strong></span> <span class='ocrx_word' id='word_1_499' title='bbox 845 3439 927 3485; x_wconf 82' lang='lat' dir='ltr'><strong>certo</strong></span> <span class='ocrx_word' id='word_1_500' title='bbox 945 3430 1099 3496; x_wconf 84' lang='lat' dir='ltr'><strong>haberem,</strong></span> <span class='ocrx_word' id='word_1_501' title='bbox 1128 3449 1144 3486; x_wconf 88' lang='lat' dir='ltr'><strong>e</strong></span> <span class='ocrx_word' id='word_1_502' title='bbox 1168 3433 1286 3485; x_wconf 83' lang='lat' dir='ltr'><strong>Fsrnes.</strong></span> <span class='ocrx_word' id='word_1_503' title='bbox 1304 3443 1359 3480; x_wconf 84' lang='lat' dir='ltr'><strong>esse</strong></span> <span class='ocrx_word' id='word_1_504' title='bbox 1375 3423 1409 3474; x_wconf 76' lang='lat' dir='ltr'><strong>di·</strong></span> 
     </span>
     <span class='ocr_line' id='line_1_44' title="bbox 193 3495 1407 3573; baseline 0.001 -21"><span class='ocrx_word' id='word_1_505' title='bbox 193 3504 279 3562; x_wconf 84' lang='lat' dir='ltr'><strong>cturi,</strong></span> <span class='ocrx_word' id='word_1_506' title='bbox 297 3515 495 3570; x_wconf 79' lang='lat' dir='ltr'><strong>proponerem</strong></span> <span class='ocrx_word' id='word_1_507' title='bbox 513 3519 605 3558; x_wconf 84' lang='lat' dir='ltr'><strong>oerum</strong></span> <span class='ocrx_word' id='word_1_508' title='bbox 624 3505 677 3565; x_wconf 85' lang='lat' dir='ltr'><strong>(sc.</strong></span> <span class='ocrx_word' id='word_1_509' title='bbox 696 3503 853 3571; x_wconf 88' lang='lat' dir='ltr'><strong>iudicium)</strong></span> <span class='ocrx_word' id='word_1_510' title='bbox 872 3504 904 3558; x_wconf 84' lang='lat' dir='ltr'><strong>de</strong></span> <span class='ocrx_word' id='word_1_511' title='bbox 920 3506 995 3558; x_wconf 77' lang='lat' dir='ltr'><strong>sotis</strong></span> <span class='ocrx_word' id='word_1_512' title='bbox 1006 3501 1120 3569; x_wconf 77' lang='lat' dir='ltr'><strong>facturi</strong></span> <span class='ocrx_word' id='word_1_513' title='bbox 1129 3541 1138 3566; x_wconf 93' lang='lat'><em>‚</em></span> <span class='ocrx_word' id='word_1_514' title='bbox 1157 3521 1250 3573; x_wconf 86' lang='lat' dir='ltr'><strong>quum</strong></span> <span class='ocrx_word' id='word_1_515' title='bbox 1268 3517 1355 3556; x_wconf 82' lang='lat' dir='ltr'><strong>serum</strong></span> <span class='ocrx_word' id='word_1_516' title='bbox 1371 3495 1407 3560; x_wconf 86' lang='grc' dir='ltr'><strong>(τό</strong></span> 
     </span>
     <span class='ocr_line' id='line_1_45' title="bbox 164 3570 1411 3650; baseline 0 -24"><span class='ocrx_word' id='word_1_517' title='bbox 164 3593 166 3602; x_wconf 61' lang='lat'><strong><em>⁴</em></strong></span> <span class='ocrx_word' id='word_1_518' title='bbox 193 3570 311 3640; x_wconf 74' lang='grc' dir='ltr'><strong>ἀληθές)</strong></span> <span class='ocrx_word' id='word_1_519' title='bbox 328 3574 431 3626; x_wconf 73' lang='lat' dir='ltr'><strong>dicturi</strong></span> <span class='ocrx_word' id='word_1_520' title='bbox 448 3574 604 3628; x_wconf 73' lang='lat' dir='ltr'><strong>admodum</strong></span> <span class='ocrx_word' id='word_1_521' title='bbox 623 3576 763 3650; x_wconf 78' lang='lat' dir='ltr'><strong>lang-uere</strong></span> <span class='ocrx_word' id='word_1_522' title='bbox 782 3575 942 3630; x_wconf 60' lang='lat' dir='ltr'><strong>videatur?</strong></span> <span class='ocrx_word' id='word_1_523' title='bbox 960 3575 1031 3630; x_wconf 76' lang='lat' dir='ltr'><strong>Oret.</strong></span> <span class='ocrx_word' id='word_1_524' title='bbox 1060 3575 1207 3648; x_wconf 87' lang='lat' dir='ltr'><strong>Suspicari</strong></span> <span class='ocrx_word' id='word_1_525' title='bbox 1226 3575 1315 3648; x_wconf 78' lang='lat' dir='ltr'><strong>possis</strong></span> <span class='ocrx_word' id='word_1_526' title='bbox 1332 3570 1411 3626; x_wconf 78' lang='lat' dir='ltr'><strong>laturi</strong></span> 
     </span>
     <span class='ocr_line' id='line_1_46' title="bbox 194 3644 1277 3730; baseline 0.005 -34"><span class='ocrx_word' id='word_1_527' title='bbox 194 3644 361 3713; x_wconf 88' lang='lat' dir='ltr'><strong>(iudicium)</strong></span> <span class='ocrx_word' id='word_1_528' title='bbox 380 3661 435 3715; x_wconf 88' lang='lat' dir='ltr'><strong>pro</strong></span> <span class='ocrx_word' id='word_1_529' title='bbox 454 3648 567 3713; x_wconf 77' lang='lat' dir='ltr'><strong>daturi5</strong></span> <span class='ocrx_word' id='word_1_530' title='bbox 586 3648 637 3730; x_wconf 74' lang='lat' dir='ltr'><strong>sed</strong></span> <span class='ocrx_word' id='word_1_531' title='bbox 655 3648 812 3723; x_wconf 76' lang='lat' dir='ltr'><strong>vulgatum</strong></span> <span class='ocrx_word' id='word_1_532' title='bbox 830 3647 909 3702; x_wconf 80' lang='lat' dir='ltr'><strong>haud</strong></span> <span class='ocrx_word' id='word_1_533' title='bbox 928 3649 1070 3725; x_wconf 73' lang='lat' dir='ltr'><strong>languere</strong></span> <span class='ocrx_word' id='word_1_534' title='bbox 1087 3649 1277 3705; x_wconf 75' lang='lat' dir='ltr'><strong>crediderim.</strong></span> 
     </span>
    </p>
   </div>
   <div class='ocr_carea' id='block_1_4' title="bbox 638 3827 973 3888">
    <p class='ocr_par' dir='ltr' id='par_1_6' title="bbox 638 3827 973 3888">
     <span class='ocr_line' id='line_1_47' title="bbox 638 3827 973 3888; baseline 0.006 -4"><span class='ocrx_word' id='word_1_535' title='bbox 638 3827 834 3886; x_wconf 77' lang='lat' dir='ltr'>CAPUT</span> <span class='ocrx_word' id='word_1_536' title='bbox 869 3829 973 3888; x_wconf 82' lang='lat' dir='ltr'><strong>mv.</strong></span> 
     </span>
    </p>
   </div>
   <div class='ocr_carea' id='block_1_5' title="bbox 194 3937 1407 4444">
    <p class='ocr_par' dir='ltr' id='par_1_7' title="bbox 194 3937 1407 4444">
     <span class='ocr_line' id='line_1_48' title="bbox 275 3937 1407 4028; baseline 0 -28"><span class='ocrx_word' id='word_1_537' title='bbox 275 3937 369 4018; x_wconf 77' lang='lat' dir='ltr'><strong>Quae</strong></span> <span class='ocrx_word' id='word_1_538' title='bbox 436 3955 494 3998; x_wconf 87' lang='lat' dir='ltr'><strong>um</strong></span> <span class='ocrx_word' id='word_1_539' title='bbox 520 3937 613 4022; x_wconf 86' lang='lat' dir='ltr'><strong>Aper</strong></span> <span class='ocrx_word' id='word_1_540' title='bbox 641 3938 795 4021; x_wconf 75' lang='lat' dir='ltr'><strong>dixisset,</strong></span> <span class='ocrx_word' id='word_1_541' title='bbox 816 3939 1066 4028; x_wconf 72' lang='lat' dir='ltr'><strong>Agnoscitisne,</strong></span> <span class='ocrx_word' id='word_1_542' title='bbox 1104 3945 1216 4027; x_wconf 83' lang='lat' dir='ltr'><strong>inquit</strong></span> <span class='ocrx_word' id='word_1_543' title='bbox 1235 3941 1407 4010; x_wconf 73' lang='lat' dir='ltr'><strong>Maternus,</strong></span> 
     </span>
     <span class='ocr_line' id='line_1_49' title="bbox 194 4021 1407 4112; baseline -0.005 -28"><span class='ocrx_word' id='word_1_544' title='bbox 194 4022 262 4084; x_wconf 88' lang='lat' dir='ltr'><strong>vim</strong></span> <span class='ocrx_word' id='word_1_545' title='bbox 289 4033 324 4085; x_wconf 87' lang='lat' dir='ltr'><strong>et</strong></span> <span class='ocrx_word' id='word_1_546' title='bbox 344 4039 383 4084; x_wconf 82' lang='lat' dir='ltr'><strong>ar</strong></span> <span class='ocrx_word' id='word_1_547' title='bbox 406 4041 499 4084; x_wconf 88' lang='lat' dir='ltr'><strong>orem</strong></span> <span class='ocrx_word' id='word_1_548' title='bbox 520 4021 606 4108; x_wconf 83' lang='lat' dir='ltr'><strong>Apri</strong></span> <span class='ocrx_word' id='word_1_549' title='bbox 632 4027 764 4087; x_wconf 79' lang='lat' dir='ltr'><strong>nostri?</strong></span> <span class='ocrx_word' id='word_1_550' title='bbox 808 4025 882 4106; x_wconf 72' lang='lat' dir='ltr'><strong>Quo</strong></span> <span class='ocrx_word' id='word_1_551' title='bbox 914 4035 1084 4108; x_wconf 86' lang='lat' dir='ltr'><strong>torrente,</strong></span> <span class='ocrx_word' id='word_1_552' title='bbox 1115 4047 1182 4112; x_wconf 86' lang='lat' dir='ltr'><strong>quo</strong></span> <span class='ocrx_word' id='word_1_553' title='bbox 1203 4029 1327 4112; x_wconf 88' lang='lat' dir='ltr'><strong>impetu</strong></span> <span class='ocrx_word' id='word_1_554' title='bbox 1347 4037 1407 4081; x_wconf 83' lang='lat' dir='ltr'><strong>sae-</strong></span> 
     </span>
     <span class='ocr_line' id='line_1_50' title="bbox 194 4101 1406 4193; baseline -0.006 -28"><span class='ocrx_word' id='word_1_555' title='bbox 194 4105 305 4168; x_wconf 88' lang='lat' dir='ltr'><strong>culum</strong></span> <span class='ocrx_word' id='word_1_556' title='bbox 331 4114 484 4168; x_wconf 86' lang='lat' dir='ltr'><strong>nostrum</strong></span> <span class='ocrx_word' id='word_1_557' title='bbox 514 4103 676 4191; x_wconf 73' lang='lat' dir='ltr'><strong>defendit!</strong></span> <span class='ocrx_word' id='word_1_558' title='bbox 709 4127 810 4190; x_wconf 87' lang='lat' dir='ltr'><strong>quam</strong></span> <span class='ocrx_word' id='word_1_559' title='bbox 837 4111 969 4193; x_wconf 89' lang='lat' dir='ltr'><strong>copiose</strong></span> <span class='ocrx_word' id='word_1_560' title='bbox 999 4131 1037 4172; x_wconf 86' lang='lat' dir='ltr'><strong>ac</strong></span> <span class='ocrx_word' id='word_1_561' title='bbox 1066 4115 1162 4174; x_wconf 83' lang='lat' dir='ltr'><strong>varie</strong></span> <span class='ocrx_word' id='word_1_562' title='bbox 1182 4111 1314 4176; x_wconf 84' lang='lat' dir='ltr'><strong>vexavit</strong></span> <span class='ocrx_word' id='word_1_563' title='bbox 1332 4101 1406 4166; x_wconf 87' lang='lat' dir='ltr'><strong>snti-</strong></span> 
     </span>
     <span class='ocr_line' id='line_1_51' title="bbox 194 4187 1406 4280; baseline -0.005 -30"><span class='ocrx_word' id='word_1_564' title='bbox 194 4193 292 4270; x_wconf 86' lang='lat' dir='ltr'><strong>quos!</strong></span> <span class='ocrx_word' id='word_1_565' title='bbox 316 4197 439 4272; x_wconf 82' lang='lat' dir='ltr'><strong>quanto</strong></span> <span class='ocrx_word' id='word_1_566' title='bbox 461 4207 528 4250; x_wconf 89' lang='lat' dir='ltr'><strong>non</strong></span> <span class='ocrx_word' id='word_1_567' title='bbox 550 4192 658 4252; x_wconf 85' lang='lat' dir='ltr'><strong>solum</strong></span> <span class='ocrx_word' id='word_1_568' title='bbox 678 4193 812 4278; x_wconf 80' lang='lat' dir='ltr'><strong>ingenio</strong></span> <span class='ocrx_word' id='word_1_569' title='bbox 834 4213 873 4256; x_wconf 86' lang='lat' dir='ltr'><strong>ac</strong></span> <span class='ocrx_word' id='word_1_570' title='bbox 894 4197 1039 4280; x_wconf 86' lang='lat' dir='ltr'><strong>spiritu,</strong></span> <span class='ocrx_word' id='word_1_571' title='bbox 1061 4193 1120 4258; x_wconf 87' lang='lat' dir='ltr'><strong>sed</strong></span> <span class='ocrx_word' id='word_1_572' title='bbox 1140 4199 1242 4257; x_wconf 84' lang='lat' dir='ltr'><strong>etiam</strong></span> <span class='ocrx_word' id='word_1_573' title='bbox 1261 4187 1406 4256; x_wconf 88' lang='lat' dir='ltr'><strong>eruditio-</strong></span> 
     </span>
     <span class='ocr_line' id='line_1_52' title="bbox 194 4273 1404 4363; baseline -0.002 -31"><span class='ocrx_word' id='word_1_574' title='bbox 194 4291 235 4334; x_wconf 87' lang='lat' dir='ltr'><strong>ne</strong></span> <span class='ocrx_word' id='word_1_575' title='bbox 257 4281 290 4336; x_wconf 87' lang='lat' dir='ltr'><strong>et</strong></span> <span class='ocrx_word' id='word_1_576' title='bbox 311 4283 401 4353; x_wconf 87' lang='lat' dir='ltr'><strong>arte,</strong></span> <span class='ocrx_word' id='word_1_577' title='bbox 423 4273 464 4334; x_wconf 85' lang='lat' dir='ltr'><strong>ab</strong></span> <span class='ocrx_word' id='word_1_578' title='bbox 485 4275 567 4356; x_wconf 85' lang='lat' dir='ltr'><strong>ipsis</strong></span> <span class='ocrx_word' id='word_1_579' title='bbox 588 4283 759 4347; x_wconf 81' lang='lat' dir='ltr'><strong>mutuatus</strong></span> <span class='ocrx_word' id='word_1_580' title='bbox 783 4285 848 4351; x_wconf 85' lang='lat' dir='ltr'><strong>eet,</strong></span> <span class='ocrx_word' id='word_1_581' title='bbox 877 4299 939 4362; x_wconf 84' lang='lat' dir='ltr'><strong>per</strong></span> <span class='ocrx_word' id='word_1_582' title='bbox 967 4300 1051 4362; x_wconf 84' lang='lat' dir='ltr'><strong>quse</strong></span> <span class='ocrx_word' id='word_1_583' title='bbox 1072 4297 1149 4342; x_wconf 82' lang='lat' dir='ltr'><strong>mox</strong></span> <span class='ocrx_word' id='word_1_584' title='bbox 1169 4283 1259 4363; x_wconf 85' lang='lat' dir='ltr'><strong>ipsos</strong></span> <span class='ocrx_word' id='word_1_585' title='bbox 1278 4277 1404 4337; x_wconf 84' lang='lat' dir='ltr'><strong>incesse·</strong></span> 
     </span>
     <span class='ocr_line' id='line_1_53' title="bbox 195 4355 1402 4444; baseline -0.003 -28"><span class='ocrx_word' id='word_1_586' title='bbox 195 4361 264 4418; x_wconf 82' lang='lat' dir='ltr'><strong>ret!</strong></span> <span class='ocrx_word' id='word_1_587' title='bbox 307 4356 420 4420; x_wconf 88' lang='lat' dir='ltr'><strong>Tuum</strong></span> <span class='ocrx_word' id='word_1_588' title='bbox 442 4367 573 4437; x_wconf 83' lang='lat' dir='ltr'><strong>tamen,</strong></span> <span class='ocrx_word' id='word_1_589' title='bbox 596 4357 758 4440; x_wconf 80' lang='lat' dir='ltr'><strong>Messala,</strong></span> <span class='ocrx_word' id='word_1_590' title='bbox 789 4365 990 4444; x_wconf 88' lang='lat' dir='ltr'><strong>promissum</strong></span> <span class='ocrx_word' id='word_1_591' title='bbox 1011 4365 1202 4428; x_wconf 77' lang='lat' dir='ltr'><strong>immutasse</strong></span> <span class='ocrx_word' id='word_1_592' title='bbox 1224 4381 1287 4426; x_wconf 87' lang='lat' dir='ltr'><strong>non</strong></span> <span class='ocrx_word' id='word_1_593' title='bbox 1308 4355 1402 4418; x_wconf 83' lang='lat' dir='ltr'><strong>debes-</strong></span> 
     </span>
    </p>
   </div>
   <div class='ocr_carea' id='block_1_6' title="bbox 0 0 1456 4802">
    <p class='ocr_par' dir='ltr' id='par_1_8' title="bbox 0 0 1456 4802">
     <span class='ocr_line' id='line_1_54' title="bbox 0 0 1456 4802; baseline 0 0"><span class='ocrx_word' id='word_1_594' title='bbox 0 0 1456 4802; x_wconf 95' lang='lat' dir='ltr'><strong> </strong></span> 
     </span>
    </p>
   </div>
  </div>
 </body>
</html>
