<?xml version="1.0" encoding="UTF-8"?>
<!DOCTYPE html PUBLIC "-//W3C//DTD XHTML 1.0 Transitional//EN"
    "http://www.w3.org/TR/xhtml1/DTD/xhtml1-transitional.dtd">
<html xmlns="http://www.w3.org/1999/xhtml" xml:lang="en" lang="en">
 <head>
  <title>
</title>
<meta http-equiv="Content-Type" content="text/html;charset=utf-8" />
  <meta name='ocr-system' content='tesseract 3.04.00' />
  <meta name='ocr-capabilities' content='ocr_page ocr_carea ocr_par ocr_line ocrx_word'/>
</head>
<body>
  <div class='ocr_page' id='page_1' title='image "./ccorneliitaciti27tacigoog/ccorneliitaciti27tacigoog_0316.png"; bbox 0 0 2756 4792; ppageno 0'>
   <div class='ocr_carea' id='block_1_1' title="bbox 400 199 1180 272">
    <p class='ocr_par' dir='ltr' id='par_1_1' title="bbox 400 199 1180 272">
     <span class='ocr_line' id='line_1_1' title="bbox 400 199 1180 272; baseline 0.012 -9"><span class='ocrx_word' id='word_1_1' title='bbox 400 199 542 264; x_wconf 85' lang='lat' dir='ltr'><strong>CAPUT</strong></span> <span class='ocrx_word' id='word_1_2' title='bbox 564 201 723 266; x_wconf 87' lang='lat' dir='ltr'>XXXVI.</span> <span class='ocrx_word' id='word_1_3' title='bbox 1118 211 1180 272; x_wconf 82' lang='grc'><strong>305</strong></span> 
     </span>
    </p>
   </div>
   <div class='ocr_carea' id='block_1_2' title="bbox 28 363 1179 516">
    <p class='ocr_par' dir='ltr' id='par_1_2' title="bbox 28 363 1179 516">
     <span class='ocr_line' id='line_1_2' title="bbox 33 363 1179 442; baseline 0.009 -26"><span class='ocrx_word' id='word_1_4' title='bbox 33 363 116 425; x_wconf 72' lang='lat' dir='ltr'><strong>minu,</strong></span> <span class='ocrx_word' id='word_1_5' title='bbox 141 364 201 418; x_wconf 78' lang='lat' dir='ltr'><strong>nihil</strong></span> <span class='ocrx_word' id='word_1_6' title='bbox 213 371 354 420; x_wconf 78' lang='lat' dir='ltr'><strong>introrsus</strong></span> <span class='ocrx_word' id='word_1_7' title='bbox 371 367 478 421; x_wconf 76' lang='lat' dir='ltr'><strong>roboris</strong></span> <span class='ocrx_word' id='word_1_8' title='bbox 496 385 529 420; x_wconf 84' lang='lat' dir='ltr'><strong>ee</strong></span> <span class='ocrx_word' id='word_1_9' title='bbox 546 371 649 422; x_wconf 85' lang='lat' dir='ltr'><strong>uirium</strong></span> <span class='ocrx_word' id='word_1_10' title='bbox 667 385 721 423; x_wconf 82' lang='lat' dir='ltr'><strong>esse</strong></span> <span class='ocrx_word' id='word_1_11' title='bbox 740 376 783 431; x_wconf 84' lang='lat' dir='ltr'><strong>et,</strong></span> <span class='ocrx_word' id='word_1_12' title='bbox 811 371 968 442; x_wconf 67' lang='lat' dir='ltr'><strong>quacunque</strong></span> <span class='ocrx_word' id='word_1_13' title='bbox 987 377 1118 442; x_wconf 85' lang='lat' dir='ltr'><strong>impetum</strong></span> <span class='ocrx_word' id='word_1_14' title='bbox 1135 374 1179 426; x_wconf 80' lang='lat' dir='ltr'><strong>de·</strong></span> 
     </span>
     <span class='ocr_line' id='line_1_3' title="bbox 28 434 1177 516; baseline 0.009 -27"><span class='ocrx_word' id='word_1_15' title='bbox 28 434 92 489; x_wconf 69' lang='lat' dir='ltr'><strong>lehem</strong></span> <span class='ocrx_word' id='word_1_16' title='bbox 102 436 184 500; x_wconf 76' lang='lat' dir='ltr'><strong>lasa,</strong></span> <span class='ocrx_word' id='word_1_17' title='bbox 198 442 401 510; x_wconf 82' lang='lat' dir='ltr'><strong>perrupturoe.”</strong></span> <span class='ocrx_word' id='word_1_18' title='bbox 422 439 529 493; x_wconf 80' lang='lat' dir='ltr'><strong>Waleh.</strong></span> <span class='ocrx_word' id='word_1_19' title='bbox 544 469 580 486; x_wconf 82' lang='lat'><em>-</em></span> <span class='ocrx_word' id='word_1_20' title='bbox 595 444 758 510; x_wconf 84' lang='lat' dir='ltr'><strong>promptior</strong></span> <span class='ocrx_word' id='word_1_21' title='bbox 774 445 807 494; x_wconf 84' lang='lat' dir='ltr'><strong>in</strong></span> <span class='ocrx_word' id='word_1_22' title='bbox 824 461 898 510; x_wconf 80' lang='lat' dir='ltr'><strong>spem</strong></span> <span class='ocrx_word' id='word_1_23' title='bbox 907 481 916 506; x_wconf 95' lang='lat'><strong>,</strong></span> <span class='ocrx_word' id='word_1_24' title='bbox 935 445 1023 498; x_wconf 80' lang='lat' dir='ltr'><strong>irmino</strong></span> <span class='ocrx_word' id='word_1_25' title='bbox 1040 451 1177 516; x_wconf 80' lang='lat' dir='ltr'><strong>pronior,-</strong></span> 
     </span>
    </p>
   </div>
   <div class='ocr_carea' id='block_1_3' title="bbox 28 507 1285 583">
    <p class='ocr_par' dir='ltr' id='par_1_3' title="bbox 28 507 1285 583">
     <span class='ocr_line' id='line_1_4' title="bbox 28 507 1285 583; baseline 0.011 -23"><span class='ocrx_word' id='word_1_26' title='bbox 28 507 66 560; x_wconf 66' lang='lat' dir='ltr'><strong>lira.</strong></span> <span class='ocrx_word' id='word_1_27' title='bbox 90 509 301 565; x_wconf 77' lang='lat' dir='ltr'><strong>Seduadhnn.</strong></span> <span class='ocrx_word' id='word_1_28' title='bbox 320 515 354 576; x_wconf 78' lang='lat' dir='ltr'><strong>ll,</strong></span> <span class='ocrx_word' id='word_1_29' title='bbox 373 515 419 568; x_wconf 81' lang='grc'><strong>60.</strong></span> <span class='ocrx_word' id='word_1_30' title='bbox 439 541 476 553; x_wconf 90' lang='grc'><strong>-</strong></span> <span class='ocrx_word' id='word_1_31' title='bbox 498 513 751 582; x_wconf 77' lang='lat' dir='ltr'><strong>firmusadoersis,</strong></span> <span class='ocrx_word' id='word_1_32' title='bbox 770 531 797 566; x_wconf 85' lang='lat' dir='ltr'><strong>v.</strong></span> <span class='ocrx_word' id='word_1_33' title='bbox 817 513 853 567; x_wconf 90' lang='lat' dir='ltr'><strong>ad</strong></span> <span class='ocrx_word' id='word_1_34' title='bbox 870 514 947 569; x_wconf 82' lang='lat' dir='ltr'><strong>Anu.</strong></span> <span class='ocrx_word' id='word_1_35' title='bbox 966 519 1002 583; x_wconf 92' lang='grc'><strong>2,</strong></span> <span class='ocrx_word' id='word_1_36' title='bbox 1024 521 1075 582; x_wconf 80' lang='lat' dir='ltr'><strong>tt,</strong></span> <span class='ocrx_word' id='word_1_37' title='bbox 1095 519 1121 572; x_wconf 91' lang='grc'><strong>2.</strong></span> <span class='ocrx_word' id='word_1_38' title='bbox 1139 549 1176 560; x_wconf 90' lang='grc'>-</span> <span class='ocrx_word' id='word_1_39' title='bbox 1284 529 1285 534; x_wconf 78' lang='grc'>’</span> 
     </span>
    </p>
   </div>
   <div class='ocr_carea' id='block_1_4' title="bbox 25 579 1175 805">
    <p class='ocr_par' dir='ltr' id='par_1_4' title="bbox 25 579 1175 805">
     <span class='ocr_line' id='line_1_5' title="bbox 28 579 1175 655; baseline 0.01 -21"><span class='ocrx_word' id='word_1_40' title='bbox 28 579 95 634; x_wconf 78' lang='lat' dir='ltr'><strong>inus</strong></span> <span class='ocrx_word' id='word_1_41' title='bbox 108 601 157 654; x_wconf 81' lang='lat' dir='ltr'><strong>equo</strong></span> <span class='ocrx_word' id='word_1_42' title='bbox 168 585 237 655; x_wconf 81' lang='lat' dir='ltr'><strong>pedes</strong></span> <span class='ocrx_word' id='word_1_43' title='bbox 253 593 319 640; x_wconf 76' lang='lat' dir='ltr'><strong>ante</strong></span> <span class='ocrx_word' id='word_1_44' title='bbox 336 587 438 639; x_wconf 72' lang='lat' dir='ltr'><strong>serilla</strong></span> <span class='ocrx_word' id='word_1_45' title='bbox 457 589 608 646; x_wconf 80' lang='lat' dir='ltr'><strong>constitit,</strong></span> <span class='ocrx_word' id='word_1_46' title='bbox 639 587 676 640; x_wconf 85' lang='lat' dir='ltr'><strong>ci.</strong></span> <span class='ocrx_word' id='word_1_47' title='bbox 706 585 742 640; x_wconf 84' lang='lat' dir='ltr'><strong>ad</strong></span> <span class='ocrx_word' id='word_1_48' title='bbox 766 602 791 638; x_wconf 89' lang='lat' dir='ltr'><strong>c.</strong></span> <span class='ocrx_word' id='word_1_49' title='bbox 813 590 856 642; x_wconf 83' lang='lat'><strong>18.</strong></span> <span class='ocrx_word' id='word_1_50' title='bbox 877 605 905 640; x_wconf 89' lang='lat' dir='ltr'><strong>n.</strong></span> <span class='ocrx_word' id='word_1_51' title='bbox 926 593 951 643; x_wconf 77' lang='lat' dir='ltr'><strong>q,</strong></span> <span class='ocrx_word' id='word_1_52' title='bbox 991 590 1047 653; x_wconf 90' lang='lat' dir='ltr'><strong>„ln</strong></span> <span class='ocrx_word' id='word_1_53' title='bbox 1072 589 1175 644; x_wconf 84' lang='lat' dir='ltr'><strong>dextro</strong></span> 
     </span>
     <span class='ocr_line' id='line_1_6' title="bbox 25 655 1172 734; baseline 0.013 -33"><span class='ocrx_word' id='word_1_54' title='bbox 25 668 80 704; x_wconf 82' lang='lat' dir='ltr'><strong>torus</strong></span> <span class='ocrx_word' id='word_1_55' title='bbox 92 655 152 710; x_wconf 83' lang='lat' dir='ltr'><strong>iuter</strong></span> <span class='ocrx_word' id='word_1_56' title='bbox 166 657 266 726; x_wconf 80' lang='lat' dir='ltr'>equites</span> <span class='ocrx_word' id='word_1_57' title='bbox 285 657 454 728; x_wconf 78' lang='lat' dir='ltr'>peditesque</span> <span class='ocrx_word' id='word_1_58' title='bbox 472 657 531 711; x_wconf 84' lang='lat' dir='ltr'><strong>dux</strong></span> <span class='ocrx_word' id='word_1_59' title='bbox 550 665 626 712; x_wconf 86' lang='lat' dir='ltr'><strong>stare</strong></span> <span class='ocrx_word' id='word_1_60' title='bbox 642 658 760 714; x_wconf 76' lang='lat' dir='ltr'><strong>solebat</strong></span> <span class='ocrx_word' id='word_1_61' title='bbox 781 676 808 710; x_wconf 85' lang='lat' dir='ltr'><strong>v.</strong></span> <span class='ocrx_word' id='word_1_62' title='bbox 824 660 923 734; x_wconf 79' lang='lat' dir='ltr'><strong>Veget.</strong></span> <span class='ocrx_word' id='word_1_63' title='bbox 934 665 961 727; x_wconf 84' lang='lat'><strong>3,</strong></span> <span class='ocrx_word' id='word_1_64' title='bbox 983 664 1047 716; x_wconf 83' lang='grc'><strong>18.”</strong></span> <span class='ocrx_word' id='word_1_65' title='bbox 1068 662 1172 716; x_wconf 79' lang='lat' dir='ltr'><strong>Walch.</strong></span> 
     </span>
     <span class='ocr_line' id='line_1_7' title="bbox 27 722 1058 805; baseline 0.009 -28"><span class='ocrx_word' id='word_1_66' title='bbox 27 722 90 778; x_wconf 73' lang='lat' dir='ltr'><strong>lulla</strong></span> <span class='ocrx_word' id='word_1_67' title='bbox 103 729 236 794; x_wconf 88' lang='lat' dir='ltr'><strong>sociorum,</strong></span> <span class='ocrx_word' id='word_1_68' title='bbox 255 737 287 780; x_wconf 90' lang='lat' dir='ltr'><strong>ut</strong></span> <span class='ocrx_word' id='word_1_69' title='bbox 306 729 422 799; x_wconf 86' lang='lat' dir='ltr'><strong>aquilae</strong></span> <span class='ocrx_word' id='word_1_70' title='bbox 441 730 607 804; x_wconf 83' lang='lat' dir='ltr'><strong>legionum:</strong></span> <span class='ocrx_word' id='word_1_71' title='bbox 627 749 695 786; x_wconf 88' lang='lat' dir='ltr'><strong>nam</strong></span> <span class='ocrx_word' id='word_1_72' title='bbox 714 729 785 783; x_wconf 84' lang='lat' dir='ltr'><strong>socii</strong></span> <span class='ocrx_word' id='word_1_73' title='bbox 805 732 973 805; x_wconf 73' lang='lat' dir='ltr'><strong>pugnabant</strong></span> <span class='ocrx_word' id='word_1_74' title='bbox 993 734 1058 786; x_wconf 90' lang='lat' dir='ltr'><strong>soli.</strong></span> 
     </span>
    </p>
   </div>
   <div class='ocr_carea' id='block_1_5' title="bbox 379 911 741 966">
    <p class='ocr_par' dir='ltr' id='par_1_5' title="bbox 379 911 741 966">
     <span class='ocr_line' id='line_1_8' title="bbox 379 911 741 966; baseline -0.003 -2"><span class='ocrx_word' id='word_1_75' title='bbox 379 911 578 966; x_wconf 75' lang='lat' dir='ltr'><strong>CAPUT</strong></span> <span class='ocrx_word' id='word_1_76' title='bbox 619 911 741 964; x_wconf 77' lang='lat' dir='ltr'><strong>XXXVI.</strong></span> 
     </span>
    </p>
   </div>
   <div class='ocr_carea' id='block_1_6' title="bbox 17 1035 1177 1454">
    <p class='ocr_par' dir='ltr' id='par_1_6' title="bbox 17 1035 1177 1454">
     <span class='ocr_line' id='line_1_9' title="bbox 70 1035 1174 1128; baseline 0.012 -32"><span class='ocrx_word' id='word_1_77' title='bbox 70 1035 211 1121; x_wconf 78' lang='lat' dir='ltr'><strong>deprimo</strong></span> <span class='ocrx_word' id='word_1_78' title='bbox 232 1061 413 1128; x_wconf 85' lang='lat' dir='ltr'><strong>congressu</strong></span> <span class='ocrx_word' id='word_1_79' title='bbox 435 1043 562 1104; x_wconf 88' lang='lat' dir='ltr'><strong>eminus</strong></span> <span class='ocrx_word' id='word_1_80' title='bbox 592 1041 794 1104; x_wconf 84' lang='lat' dir='ltr'><strong>certabatur.</strong></span> <span class='ocrx_word' id='word_1_81' title='bbox 821 1039 942 1104; x_wconf 76' lang='lat' dir='ltr'><strong>Simul</strong></span> <span class='ocrx_word' id='word_1_82' title='bbox 973 1049 1174 1118; x_wconf 84' lang='lat' dir='ltr'><strong>constantia,</strong></span> 
     </span>
     <span class='ocr_line' id='line_1_10' title="bbox 23 1119 1175 1212; baseline 0.01 -32"><span class='ocrx_word' id='word_1_83' title='bbox 23 1119 81 1176; x_wconf 75' lang='lat' dir='ltr'><strong>snut</strong></span> <span class='ocrx_word' id='word_1_84' title='bbox 98 1131 155 1184; x_wconf 87' lang='lat' dir='ltr'><strong>arte</strong></span> <span class='ocrx_word' id='word_1_85' title='bbox 177 1125 323 1187; x_wconf 81' lang='lat' dir='ltr'><strong>Britanni</strong></span> <span class='ocrx_word' id='word_1_86' title='bbox 352 1125 542 1210; x_wconf 78' lang='lat' dir='ltr'><strong>ingentibus</strong></span> <span class='ocrx_word' id='word_1_87' title='bbox 563 1122 682 1212; x_wconf 80' lang='lat' dir='ltr'>gladiis</span> <span class='ocrx_word' id='word_1_88' title='bbox 704 1133 737 1186; x_wconf 91' lang='lat' dir='ltr'><strong>et</strong></span> <span class='ocrx_word' id='word_1_89' title='bbox 757 1125 917 1188; x_wconf 86' lang='lat' dir='ltr'><strong>brevibus</strong></span> <span class='ocrx_word' id='word_1_90' title='bbox 947 1133 1068 1191; x_wconf 87' lang='lat' dir='ltr'><strong>caetris</strong></span> <span class='ocrx_word' id='word_1_91' title='bbox 1097 1131 1175 1192; x_wconf 90' lang='lat' dir='ltr'><strong>mis-</strong></span> 
     </span>
     <span class='ocr_line' id='line_1_11' title="bbox 20 1199 1177 1296; baseline 0.014 -38"><span class='ocrx_word' id='word_1_92' title='bbox 20 1199 63 1260; x_wconf 81' lang='lat' dir='ltr'><strong>ellis</strong></span> <span class='ocrx_word' id='word_1_93' title='bbox 86 1213 250 1270; x_wconf 89' lang='lat' dir='ltr'><strong>nostrorum</strong></span> <span class='ocrx_word' id='word_1_94' title='bbox 276 1211 386 1272; x_wconf 78' lang='lat' dir='ltr'><strong>uitare</strong></span> <span class='ocrx_word' id='word_1_95' title='bbox 413 1209 467 1271; x_wconf 88' lang='lat' dir='ltr'><strong>vel</strong></span> <span class='ocrx_word' id='word_1_96' title='bbox 495 1217 650 1270; x_wconf 82' lang='lat' dir='ltr'>excutere</span> <span class='ocrx_word' id='word_1_97' title='bbox 683 1215 782 1290; x_wconf 86' lang='lat' dir='ltr'><strong>atque</strong></span> <span class='ocrx_word' id='word_1_98' title='bbox 822 1210 888 1292; x_wconf 92' lang='lat' dir='ltr'><strong>ipsi</strong></span> <span class='ocrx_word' id='word_1_99' title='bbox 923 1229 1075 1296; x_wconf 90' lang='lat' dir='ltr'><strong>magnam</strong></span> <span class='ocrx_word' id='word_1_100' title='bbox 1105 1215 1177 1277; x_wconf 85' lang='lat' dir='ltr'><strong>vim</strong></span> 
     </span>
     <span class='ocr_line' id='line_1_12' title="bbox 20 1283 1176 1378; baseline 0.012 -33"><span class='ocrx_word' id='word_1_101' title='bbox 20 1283 108 1346; x_wconf 71' lang='lat' dir='ltr'><strong>[ebrum</strong></span> <span class='ocrx_word' id='word_1_102' title='bbox 125 1290 368 1372; x_wconf 79' lang='lat' dir='ltr'><strong>superfundere,</strong></span> <span class='ocrx_word' id='word_1_103' title='bbox 408 1289 512 1353; x_wconf 91' lang='lat' dir='ltr'><strong>donec</strong></span> <span class='ocrx_word' id='word_1_104' title='bbox 531 1290 688 1378; x_wconf 78' lang='lat' dir='ltr'><strong>Agricola</strong></span> <span class='ocrx_word' id='word_1_105' title='bbox 709 1301 777 1354; x_wconf 89' lang='lat' dir='ltr'><strong>tres</strong></span> <span class='ocrx_word' id='word_1_106' title='bbox 798 1289 1002 1356; x_wconf 87' lang='lat' dir='ltr'><strong>Batavorum</strong></span> <span class='ocrx_word' id='word_1_107' title='bbox 1023 1297 1176 1359; x_wconf 89' lang='lat' dir='ltr'><strong>cohortes</strong></span> 
     </span>
     <span class='ocr_line' id='line_1_13' title="bbox 17 1365 1175 1454; baseline 0.012 -26"><span class='ocrx_word' id='word_1_108' title='bbox 17 1365 96 1429; x_wconf 83' lang='lat' dir='ltr'><strong>alm</strong></span> <span class='ocrx_word' id='word_1_109' title='bbox 147 1393 215 1435; x_wconf 91' lang='lat' dir='ltr'><strong>rum</strong></span> <span class='ocrx_word' id='word_1_110' title='bbox 235 1373 318 1438; x_wconf 88' lang='lat' dir='ltr'><strong>duas</strong></span> <span class='ocrx_word' id='word_1_111' title='bbox 340 1375 532 1437; x_wconf 81' lang='lat' dir='ltr'><strong>cohortatus</strong></span> <span class='ocrx_word' id='word_1_112' title='bbox 555 1383 615 1454; x_wconf 86' lang='lat' dir='ltr'><strong>est,</strong></span> <span class='ocrx_word' id='word_1_113' title='bbox 637 1383 677 1436; x_wconf 91' lang='lat' dir='ltr'><strong>ut</strong></span> <span class='ocrx_word' id='word_1_114' title='bbox 693 1395 766 1437; x_wconf 88' lang='lat' dir='ltr'><strong>rem</strong></span> <span class='ocrx_word' id='word_1_115' title='bbox 787 1374 829 1438; x_wconf 93' lang='lat' dir='ltr'><strong>ad</strong></span> <span class='ocrx_word' id='word_1_116' title='bbox 851 1397 1026 1440; x_wconf 90' lang='lat' dir='ltr'><strong>mucrones</strong></span> <span class='ocrx_word' id='word_1_117' title='bbox 1048 1399 1087 1440; x_wconf 89' lang='lat' dir='ltr'><strong>ec</strong></span> <span class='ocrx_word' id='word_1_118' title='bbox 1108 1401 1175 1442; x_wconf 88' lang='lat' dir='ltr'><strong>ma-</strong></span> 
     </span>
    </p>
   </div>
   <div class='ocr_carea' id='block_1_7' title="bbox 16 1390 1219 1542">
    <p class='ocr_par' dir='ltr' id='par_1_7' title="bbox 16 1390 1219 1542">
     <span class='ocr_line' id='line_1_14' title="bbox 16 1390 1219 1542; baseline 0.018 -36"><span class='ocrx_word' id='word_1_119' title='bbox 16 1467 51 1508; x_wconf 88' lang='lat' dir='ltr'><strong>uu</strong></span> <span class='ocrx_word' id='word_1_120' title='bbox 64 1390 250 1535; x_wconf 65' lang='lat' dir='ltr'><strong>stillarent,</strong></span> <span class='ocrx_word' id='word_1_121' title='bbox 286 1456 376 1542; x_wconf 90' lang='lat' dir='ltr'><strong>quod</strong></span> <span class='ocrx_word' id='word_1_122' title='bbox 405 1467 439 1520; x_wconf 92' lang='lat' dir='ltr'><strong>et</strong></span> <span class='ocrx_word' id='word_1_123' title='bbox 466 1461 549 1541; x_wconf 89' lang='lat' dir='ltr'><strong>ipsis</strong></span> <span class='ocrx_word' id='word_1_124' title='bbox 576 1465 742 1522; x_wconf 84' lang='lat' dir='ltr'><strong>vetustate</strong></span> <span class='ocrx_word' id='word_1_125' title='bbox 769 1459 910 1522; x_wconf 88' lang='lat' dir='ltr'><strong>militiae</strong></span> <span class='ocrx_word' id='word_1_126' title='bbox 940 1464 1175 1542; x_wconf 82' lang='lat' dir='ltr'><strong>exercitatum,</strong></span> <span class='ocrx_word' id='word_1_127' title='bbox 1216 1495 1219 1500; x_wconf 92' lang='lat'>·</span> 
     </span>
    </p>
   </div>
   <div class='ocr_carea' id='block_1_8' title="bbox 12 1533 1178 2708">
    <p class='ocr_par' dir='ltr' id='par_1_8' title="bbox 12 1533 1178 2708">
     <span class='ocr_line' id='line_1_15' title="bbox 17 1533 1174 1630; baseline 0.01 -38"><span class='ocrx_word' id='word_1_128' title='bbox 17 1533 154 1621; x_wconf 70' lang='lat' dir='ltr'><strong>thesibus</strong></span> <span class='ocrx_word' id='word_1_129' title='bbox 173 1542 336 1622; x_wconf 85' lang='lat' dir='ltr'><strong>inhabile,</strong></span> <span class='ocrx_word' id='word_1_130' title='bbox 357 1561 462 1624; x_wconf 90' lang='lat' dir='ltr'><strong>parva</strong></span> <span class='ocrx_word' id='word_1_131' title='bbox 483 1550 578 1604; x_wconf 88' lang='lat' dir='ltr'><strong>scuta</strong></span> <span class='ocrx_word' id='word_1_132' title='bbox 599 1549 632 1603; x_wconf 92' lang='lat' dir='ltr'><strong>et</strong></span> <span class='ocrx_word' id='word_1_133' title='bbox 653 1561 804 1604; x_wconf 89' lang='lat' dir='ltr'><strong>enormes</strong></span> <span class='ocrx_word' id='word_1_134' title='bbox 825 1541 950 1629; x_wconf 77' lang='lat' dir='ltr'>gladios</span> <span class='ocrx_word' id='word_1_135' title='bbox 972 1547 1174 1630; x_wconf 86' lang='lat' dir='ltr'><strong>gerentibus.</strong></span> 
     </span>
     <span class='ocr_line' id='line_1_16' title="bbox 15 1610 1178 1712; baseline 0.01 -34"><span class='ocrx_word' id='word_1_136' title='bbox 15 1610 66 1708; x_wconf 68' lang='lat' dir='ltr'><strong>bam</strong></span> <span class='ocrx_word' id='word_1_137' title='bbox 79 1619 295 1688; x_wconf 80' lang='lat' dir='ltr'><strong>Britannorum</strong></span> <span class='ocrx_word' id='word_1_138' title='bbox 309 1624 411 1712; x_wconf 79' lang='lat' dir='ltr'>gladii</span> <span class='ocrx_word' id='word_1_139' title='bbox 438 1627 510 1686; x_wconf 89' lang='lat' dir='ltr'><strong>sine</strong></span> <span class='ocrx_word' id='word_1_140' title='bbox 533 1643 694 1688; x_wconf 86' lang='lat' dir='ltr'><strong>mucrone</strong></span> <span class='ocrx_word' id='word_1_141' title='bbox 717 1627 924 1708; x_wconf 80' lang='lat' dir='ltr'><strong>complexum</strong></span> <span class='ocrx_word' id='word_1_142' title='bbox 953 1647 1124 1692; x_wconf 90' lang='lat' dir='ltr'><strong>armorum</strong></span> <span class='ocrx_word' id='word_1_143' title='bbox 1144 1637 1178 1692; x_wconf 89' lang='lat' dir='ltr'><strong>et</strong></span> 
     </span>
     <span class='ocr_line' id='line_1_17' title="bbox 16 1707 1176 1792; baseline 0.009 -28"><span class='ocrx_word' id='word_1_144' title='bbox 16 1712 109 1764; x_wconf 64' lang='lat' dir='ltr'><strong>bamb</strong></span> <span class='ocrx_word' id='word_1_145' title='bbox 125 1726 261 1792; x_wconf 89' lang='lat' dir='ltr'><strong>pugnam</strong></span> <span class='ocrx_word' id='word_1_146' title='bbox 282 1728 350 1770; x_wconf 92' lang='lat' dir='ltr'><strong>non</strong></span> <span class='ocrx_word' id='word_1_147' title='bbox 371 1709 565 1772; x_wconf 68' lang='lat' dir='ltr'><strong>eleuabant.</strong></span> <span class='ocrx_word' id='word_1_148' title='bbox 606 1707 716 1792; x_wconf 80' lang='lat' dir='ltr'><strong>Igitur</strong></span> <span class='ocrx_word' id='word_1_149' title='bbox 730 1715 769 1770; x_wconf 93' lang='lat' dir='ltr'><strong>ut</strong></span> <span class='ocrx_word' id='word_1_150' title='bbox 785 1709 899 1777; x_wconf 81' lang='lat' dir='ltr'><strong>Batavi</strong></span> <span class='ocrx_word' id='word_1_151' title='bbox 913 1713 1055 1773; x_wconf 87' lang='lat' dir='ltr'><strong>miscere</strong></span> <span class='ocrx_word' id='word_1_152' title='bbox 1076 1713 1176 1790; x_wconf 85' lang='lat' dir='ltr'><strong>ictus,</strong></span> 
     </span>
     <span class='ocr_line' id='line_1_18' title="bbox 14 1779 1177 1876; baseline 0.011 -32"><span class='ocrx_word' id='word_1_153' title='bbox 14 1779 74 1844; x_wconf 79' lang='lat' dir='ltr'><strong>lerire</strong></span> <span class='ocrx_word' id='word_1_154' title='bbox 93 1789 296 1872; x_wconf 84' lang='lat' dir='ltr'><strong>umbonibus,</strong></span> <span class='ocrx_word' id='word_1_155' title='bbox 333 1810 393 1853; x_wconf 90' lang='lat' dir='ltr'><strong>ora</strong></span> <span class='ocrx_word' id='word_1_156' title='bbox 421 1789 555 1854; x_wconf 87' lang='lat' dir='ltr'><strong>loedare</strong></span> <span class='ocrx_word' id='word_1_157' title='bbox 576 1799 609 1852; x_wconf 87' lang='lat' dir='ltr'><strong>et</strong></span> <span class='ocrx_word' id='word_1_158' title='bbox 630 1793 754 1870; x_wconf 88' lang='lat' dir='ltr'><strong>stratis,</strong></span> <span class='ocrx_word' id='word_1_159' title='bbox 776 1795 835 1874; x_wconf 89' lang='lat' dir='ltr'><strong>qui</strong></span> <span class='ocrx_word' id='word_1_160' title='bbox 856 1793 891 1853; x_wconf 91' lang='lat' dir='ltr'><strong>iu</strong></span> <span class='ocrx_word' id='word_1_161' title='bbox 913 1813 1019 1876; x_wconf 88' lang='lat' dir='ltr'><strong>aequo</strong></span> <span class='ocrx_word' id='word_1_162' title='bbox 1040 1795 1177 1857; x_wconf 86' lang='lat' dir='ltr'><strong>obstite-</strong></span> 
     </span>
     <span class='ocr_line' id='line_1_19' title="bbox 15 1873 1176 1958; baseline 0.009 -28"><span class='ocrx_word' id='word_1_163' title='bbox 15 1873 68 1944; x_wconf 81' lang='lat' dir='ltr'><strong>ml,</strong></span> <span class='ocrx_word' id='word_1_164' title='bbox 89 1873 201 1958; x_wconf 82' lang='lat' dir='ltr'><strong>erigere</strong></span> <span class='ocrx_word' id='word_1_165' title='bbox 220 1877 256 1936; x_wconf 90' lang='lat' dir='ltr'><strong>in</strong></span> <span class='ocrx_word' id='word_1_166' title='bbox 279 1876 377 1937; x_wconf 90' lang='lat' dir='ltr'><strong>colles</strong></span> <span class='ocrx_word' id='word_1_167' title='bbox 398 1878 503 1937; x_wconf 85' lang='lat' dir='ltr'><strong>aciem</strong></span> <span class='ocrx_word' id='word_1_168' title='bbox 524 1893 684 1956; x_wconf 88' lang='lat' dir='ltr'><strong>coepere,</strong></span> <span class='ocrx_word' id='word_1_169' title='bbox 716 1882 845 1937; x_wconf 89' lang='lat' dir='ltr'><strong>ceterae</strong></span> <span class='ocrx_word' id='word_1_170' title='bbox 867 1875 1037 1958; x_wconf 88' lang='lat' dir='ltr'><strong>cohortes,</strong></span> <span class='ocrx_word' id='word_1_171' title='bbox 1065 1897 1176 1942; x_wconf 89' lang='lat' dir='ltr'><strong>aemu-</strong></span> 
     </span>
     <span class='ocr_line' id='line_1_20' title="bbox 14 1941 1176 2042; baseline 0.015 -38"><span class='ocrx_word' id='word_1_172' title='bbox 14 1941 84 2012; x_wconf 83' lang='lat' dir='ltr'><strong>lt‘one</strong></span> <span class='ocrx_word' id='word_1_173' title='bbox 104 1965 136 2016; x_wconf 88' lang='lat' dir='ltr'><strong>et</strong></span> <span class='ocrx_word' id='word_1_174' title='bbox 156 1959 283 2042; x_wconf 89' lang='lat' dir='ltr'><strong>impetu</strong></span> <span class='ocrx_word' id='word_1_175' title='bbox 315 1959 532 2035; x_wconf 86' lang='lat' dir='ltr'><strong>commixtae,</strong></span> <span class='ocrx_word' id='word_1_176' title='bbox 571 1960 740 2040; x_wconf 86' lang='lat' dir='ltr'><strong>proximos</strong></span> <span class='ocrx_word' id='word_1_177' title='bbox 770 1978 920 2042; x_wconf 88' lang='lat' dir='ltr'><strong>quosque</strong></span> <span class='ocrx_word' id='word_1_178' title='bbox 940 1959 1100 2041; x_wconf 89' lang='lat' dir='ltr'><strong>caedere,</strong></span> <span class='ocrx_word' id='word_1_179' title='bbox 1137 1981 1176 2022; x_wconf 92' lang='lat' dir='ltr'><strong>ac</strong></span> 
     </span>
     <span class='ocr_line' id='line_1_21' title="bbox 15 2029 1177 2128; baseline 0.008 -31"><span class='ocrx_word' id='word_1_180' title='bbox 15 2029 106 2115; x_wconf 66' lang='lat' dir='ltr'><strong>dirime</strong></span> <span class='ocrx_word' id='word_1_181' title='bbox 119 2044 293 2111; x_wconf 83' lang='lat' dir='ltr'><strong>semineces</strong></span> <span class='ocrx_word' id='word_1_182' title='bbox 309 2052 368 2104; x_wconf 88' lang='lat' dir='ltr'><strong>aut</strong></span> <span class='ocrx_word' id='word_1_183' title='bbox 387 2042 511 2128; x_wconf 82' lang='lat' dir='ltr'><strong>integri</strong></span> <span class='ocrx_word' id='word_1_184' title='bbox 531 2043 742 2104; x_wconf 83' lang='lat' dir='ltr'><strong>festinatione</strong></span> <span class='ocrx_word' id='word_1_185' title='bbox 761 2045 924 2106; x_wconf 86' lang='lat' dir='ltr'><strong>victoriae</strong></span> <span class='ocrx_word' id='word_1_186' title='bbox 945 2045 1177 2126; x_wconf 86' lang='lat' dir='ltr'><strong>relinqueban-</strong></span> 
     </span>
     <span class='ocr_line' id='line_1_22' title="bbox 15 2119 1177 2272; baseline 0.009 -92"><span class='ocrx_word' id='word_1_187' title='bbox 15 2129 44 2212; x_wconf 67' lang='lat' dir='ltr'><strong>&#39;l&#39;</strong></span> <span class='ocrx_word' id='word_1_188' title='bbox 71 2119 189 2184; x_wconf 80' lang='lat' dir='ltr'><strong>luterim</strong></span> <span class='ocrx_word' id='word_1_189' title='bbox 211 2127 362 2208; x_wconf 79' lang='lat' dir='ltr'><strong>eqsritum</strong></span> <span class='ocrx_word' id='word_1_190' title='bbox 382 2133 514 2186; x_wconf 86' lang='lat' dir='ltr'><strong>turmae</strong></span> <span class='ocrx_word' id='word_1_191' title='bbox 535 2126 659 2210; x_wconf 81' lang='lat' dir='ltr'><strong>lugere,</strong></span> <span class='ocrx_word' id='word_1_192' title='bbox 685 2126 850 2188; x_wconf 88' lang='lat' dir='ltr'><strong>coviuarii</strong></span> <span class='ocrx_word' id='word_1_193' title='bbox 871 2124 1022 2208; x_wconf 89' lang='lat' dir='ltr'><strong>peditum</strong></span> <span class='ocrx_word' id='word_1_194' title='bbox 1043 2149 1078 2191; x_wconf 91' lang='lat' dir='ltr'><strong>se</strong></span> <span class='ocrx_word' id='word_1_195' title='bbox 1097 2147 1177 2272; x_wconf 67' lang='lat' dir='ltr'><strong>gro-</strong></span> 
     </span>
     <span class='ocr_line' id='line_1_23' title="bbox 14 2195 1177 2292; baseline 0.009 -29"><span class='ocrx_word' id='word_1_196' title='bbox 14 2195 211 2292; x_wconf 59' lang='lat' dir='ltr'><strong>ltmmuere:</strong></span> <span class='ocrx_word' id='word_1_197' title='bbox 234 2218 269 2272; x_wconf 89' lang='lat' dir='ltr'><strong>et</strong></span> <span class='ocrx_word' id='word_1_198' title='bbox 290 2228 479 2292; x_wconf 87' lang='lat' dir='ltr'><strong>quanquam</strong></span> <span class='ocrx_word' id='word_1_199' title='bbox 500 2215 666 2270; x_wconf 87' lang='lat' dir='ltr'><strong>recentem</strong></span> <span class='ocrx_word' id='word_1_200' title='bbox 686 2215 851 2270; x_wconf 87' lang='lat' dir='ltr'><strong>terrorem</strong></span> <span class='ocrx_word' id='word_1_201' title='bbox 872 2211 1076 2291; x_wconf 84' lang='lat' dir='ltr'><strong>intulerant,</strong></span> <span class='ocrx_word' id='word_1_202' title='bbox 1120 2232 1177 2273; x_wconf 88' lang='lat' dir='ltr'><strong>en-</strong></span> 
     </span>
     <span class='ocr_line' id='line_1_24' title="bbox 16 2291 1175 2378; baseline 0.009 -32"><span class='ocrx_word' id='word_1_203' title='bbox 16 2291 132 2350; x_wconf 76' lang='lat' dir='ltr'><strong>sumen</strong></span> <span class='ocrx_word' id='word_1_204' title='bbox 158 2291 306 2355; x_wconf 88' lang='lat' dir='ltr'><strong>bostium</strong></span> <span class='ocrx_word' id='word_1_205' title='bbox 333 2291 518 2378; x_wconf 85' lang='lat' dir='ltr'><strong>agminibus</strong></span> <span class='ocrx_word' id='word_1_206' title='bbox 547 2301 581 2353; x_wconf 88' lang='lat' dir='ltr'><strong>ct</strong></span> <span class='ocrx_word' id='word_1_207' title='bbox 610 2291 839 2374; x_wconf 83' lang='lat' dir='ltr'><strong>inaequalibus</strong></span> <span class='ocrx_word' id='word_1_208' title='bbox 869 2293 948 2356; x_wconf 91' lang='lat' dir='ltr'><strong>locis</strong></span> <span class='ocrx_word' id='word_1_209' title='bbox 978 2294 1175 2367; x_wconf 85' lang='lat' dir='ltr'><strong>haerebant,</strong></span> 
     </span>
     <span class='ocr_line' id='line_1_25' title="bbox 12 2363 1176 2465; baseline 0.009 -35"><span class='ocrx_word' id='word_1_210' title='bbox 12 2363 142 2454; x_wconf 58' lang='lat' dir='ltr'><strong>hincque</strong></span> <span class='ocrx_word' id='word_1_211' title='bbox 168 2377 336 2458; x_wconf 85' lang='lat' dir='ltr'><strong>equestris</strong></span> <span class='ocrx_word' id='word_1_212' title='bbox 365 2395 404 2438; x_wconf 90' lang='lat' dir='ltr'><strong>ea</strong></span> <span class='ocrx_word' id='word_1_213' title='bbox 430 2393 519 2435; x_wconf 90' lang='lat' dir='ltr'><strong>nunc</strong></span> <span class='ocrx_word' id='word_1_214' title='bbox 541 2393 672 2461; x_wconf 89' lang='lat' dir='ltr'><strong>pugnae</strong></span> <span class='ocrx_word' id='word_1_215' title='bbox 702 2376 803 2438; x_wconf 83' lang='lat' dir='ltr'><strong>facies</strong></span> <span class='ocrx_word' id='word_1_216' title='bbox 825 2383 914 2444; x_wconf 87' lang='lat' dir='ltr'><strong>erat,</strong></span> <span class='ocrx_word' id='word_1_217' title='bbox 953 2397 1057 2459; x_wconf 91' lang='lat' dir='ltr'><strong>quum</strong></span> <span class='ocrx_word' id='word_1_218' title='bbox 1078 2397 1176 2465; x_wconf 87' lang='lat' dir='ltr'><strong>aegre</strong></span> 
     </span>
     <span class='ocr_line' id='line_1_26' title="bbox 13 2442 1177 2542; baseline 0.016 -38"><span class='ocrx_word' id='word_1_219' title='bbox 13 2442 53 2508; x_wconf 75' lang='lat' dir='ltr'><strong>iso</strong></span> <span class='ocrx_word' id='word_1_220' title='bbox 75 2457 217 2521; x_wconf 85' lang='lat' dir='ltr'><strong>instantes</strong></span> <span class='ocrx_word' id='word_1_221' title='bbox 250 2459 353 2520; x_wconf 87' lang='lat' dir='ltr'><strong>simul</strong></span> <span class='ocrx_word' id='word_1_222' title='bbox 388 2477 551 2540; x_wconf 91' lang='lat' dir='ltr'><strong>equorum</strong></span> <span class='ocrx_word' id='word_1_223' title='bbox 589 2457 788 2541; x_wconf 87' lang='lat' dir='ltr'><strong>corporibus</strong></span> <span class='ocrx_word' id='word_1_224' title='bbox 821 2460 1095 2542; x_wconf 73' lang='lat' dir='ltr'><strong>impellerentur,</strong></span> <span class='ocrx_word' id='word_1_225' title='bbox 1138 2481 1177 2524; x_wconf 92' lang='lat' dir='ltr'><strong>ac</strong></span> 
     </span>
     <span class='ocr_line' id='line_1_27' title="bbox 12 2539 1176 2628; baseline 0.005 -28"><span class='ocrx_word' id='word_1_226' title='bbox 12 2539 57 2619; x_wconf 65' lang='lat' dir='ltr'><strong>lips</strong></span> <span class='ocrx_word' id='word_1_227' title='bbox 72 2542 134 2624; x_wconf 79' lang='lat' dir='ltr'><strong>vagi</strong></span> <span class='ocrx_word' id='word_1_228' title='bbox 154 2563 302 2622; x_wconf 85' lang='lat' dir='ltr'><strong>currus,</strong></span> <span class='ocrx_word' id='word_1_229' title='bbox 341 2543 493 2605; x_wconf 83' lang='lat' dir='ltr'><strong>exterriti</strong></span> <span class='ocrx_word' id='word_1_230' title='bbox 514 2543 586 2602; x_wconf 89' lang='lat' dir='ltr'><strong>sine</strong></span> <span class='ocrx_word' id='word_1_231' title='bbox 608 2542 796 2603; x_wconf 84' lang='lat' dir='ltr'><strong>rectoribus</strong></span> <span class='ocrx_word' id='word_1_232' title='bbox 819 2544 917 2623; x_wconf 89' lang='lat' dir='ltr'><strong>equi,</strong></span> <span class='ocrx_word' id='word_1_233' title='bbox 952 2553 991 2605; x_wconf 90' lang='lat' dir='ltr'><strong>ut</strong></span> <span class='ocrx_word' id='word_1_234' title='bbox 1011 2563 1176 2628; x_wconf 85' lang='lat' dir='ltr'><strong>quemque</strong></span> 
     </span>
     <span class='ocr_line' id='line_1_28' title="bbox 13 2618 944 2708; baseline 0.011 -32"><span class='ocrx_word' id='word_1_235' title='bbox 13 2618 91 2680; x_wconf 73' lang='lat' dir='ltr'><strong>tuido</strong></span> <span class='ocrx_word' id='word_1_236' title='bbox 108 2625 242 2708; x_wconf 61' lang='lat' dir='ltr'><strong>tuimet,</strong></span> <span class='ocrx_word' id='word_1_237' title='bbox 266 2635 478 2690; x_wconf 87' lang='lat' dir='ltr'><strong>transversos</strong></span> <span class='ocrx_word' id='word_1_238' title='bbox 500 2632 558 2688; x_wconf 89' lang='lat' dir='ltr'><strong>aut</strong></span> <span class='ocrx_word' id='word_1_239' title='bbox 582 2623 699 2687; x_wconf 88' lang='lat' dir='ltr'><strong>obvios</strong></span> <span class='ocrx_word' id='word_1_240' title='bbox 720 2625 944 2686; x_wconf 80' lang='lat' dir='ltr'><strong>incursabant</strong></span> 
     </span>
    </p>
   </div>
   <div class='ocr_carea' id='block_1_9' title="bbox 12 2757 1203 4356">
    <p class='ocr_par' dir='ltr' id='par_1_9' title="bbox 12 2757 1203 4356">
     <span class='ocr_line' id='line_1_29' title="bbox 40 2757 1177 2832; baseline 0.006 -23"><span class='ocrx_word' id='word_1_241' title='bbox 40 2757 56 2804; x_wconf 90' lang='lat' dir='ltr'><strong>l.</strong></span> <span class='ocrx_word' id='word_1_242' title='bbox 86 2759 168 2814; x_wconf 82' lang='lat' dir='ltr'><strong>Simul</strong></span> <span class='ocrx_word' id='word_1_243' title='bbox 188 2763 379 2816; x_wconf 80' lang='lat' dir='ltr'><strong>constantia.-</strong></span> <span class='ocrx_word' id='word_1_244' title='bbox 407 2763 439 2814; x_wconf 90' lang='lat' dir='ltr'><strong>in</strong></span> <span class='ocrx_word' id='word_1_245' title='bbox 467 2779 491 2814; x_wconf 93' lang='lat' dir='ltr'><strong>c.</strong></span> <span class='ocrx_word' id='word_1_246' title='bbox 517 2763 582 2814; x_wconf 84' lang='lat' dir='ltr'><strong>Vat.</strong></span> <span class='ocrx_word' id='word_1_247' title='bbox 601 2761 682 2816; x_wconf 77' lang='grc'><strong>3429.</strong></span> <span class='ocrx_word' id='word_1_248' title='bbox 700 2761 854 2830; x_wconf 55' lang='lat' dir='ltr'><strong>almanus</strong></span> <span class='ocrx_word' id='word_1_249' title='bbox 878 2777 903 2814; x_wconf 93' lang='lat' dir='ltr'><strong>c.</strong></span> <span class='ocrx_word' id='word_1_250' title='bbox 931 2759 1009 2830; x_wconf 89' lang='lat' dir='ltr'><strong>quod</strong></span> <span class='ocrx_word' id='word_1_251' title='bbox 1037 2777 1177 2832; x_wconf 85' lang='lat' dir='ltr'><strong>recepere</strong></span> 
     </span>
     <span class='ocr_line' id='line_1_30' title="bbox 65 2829 1176 2906; baseline 0.009 -26"><span class='ocrx_word' id='word_1_252' title='bbox 65 2829 135 2884; x_wconf 83' lang='lat' dir='ltr'><strong>liert.</strong></span> <span class='ocrx_word' id='word_1_253' title='bbox 154 2835 272 2889; x_wconf 82' lang='lat' dir='ltr'><strong>Peerlk.</strong></span> <span class='ocrx_word' id='word_1_254' title='bbox 292 2863 331 2875; x_wconf 89' lang='lat'><em>-</em></span> <span class='ocrx_word' id='word_1_255' title='bbox 363 2837 522 2906; x_wconf 77' lang='lat' dir='ltr'><strong>ingentibus</strong></span> <span class='ocrx_word' id='word_1_256' title='bbox 538 2833 644 2905; x_wconf 80' lang='lat' dir='ltr'><strong>gladiis</strong></span> <span class='ocrx_word' id='word_1_257' title='bbox 663 2840 690 2884; x_wconf 87' lang='lat' dir='ltr'><strong>et</strong></span> <span class='ocrx_word' id='word_1_258' title='bbox 709 2833 832 2886; x_wconf 80' lang='lat' dir='ltr'><strong>breuibus</strong></span> <span class='ocrx_word' id='word_1_259' title='bbox 851 2835 968 2894; x_wconf 54' lang='lat' dir='ltr'><strong>sutrin</strong></span> <span class='ocrx_word' id='word_1_260' title='bbox 993 2835 1030 2886; x_wconf 78' lang='lat' dir='ltr'><strong>cl.</strong></span> <span class='ocrx_word' id='word_1_261' title='bbox 1051 2833 1108 2888; x_wconf 86' lang='lat' dir='ltr'><strong>Dio</strong></span> <span class='ocrx_word' id='word_1_262' title='bbox 1129 2837 1176 2900; x_wconf 86' lang='grc'><strong>76,</strong></span> 
     </span>
     <span class='ocr_line' id='line_1_31' title="bbox 44 2898 1178 2982; baseline 0.003 -26"><span class='ocrx_word' id='word_1_263' title='bbox 44 2898 101 2956; x_wconf 81' lang='lat' dir='ltr'><strong>llaec</strong></span> <span class='ocrx_word' id='word_1_264' title='bbox 117 2907 204 2961; x_wconf 83' lang='lat' dir='ltr'><strong>verba</strong></span> <span class='ocrx_word' id='word_1_265' title='bbox 224 2908 358 2982; x_wconf 84' lang='lat' dir='ltr'><strong>glossam</strong></span> <span class='ocrx_word' id='word_1_266' title='bbox 376 2907 509 2962; x_wconf 87' lang='lat' dir='ltr'><strong>redolere</strong></span> <span class='ocrx_word' id='word_1_267' title='bbox 528 2913 649 2960; x_wconf 88' lang='lat' dir='ltr'><strong>censent</strong></span> <span class='ocrx_word' id='word_1_268' title='bbox 667 2903 792 2967; x_wconf 80' lang='lat' dir='ltr'><strong>Woltm.</strong></span> <span class='ocrx_word' id='word_1_269' title='bbox 814 2911 843 2959; x_wconf 91' lang='lat' dir='ltr'><strong>et</strong></span> <span class='ocrx_word' id='word_1_270' title='bbox 861 2905 974 2960; x_wconf 84' lang='lat' dir='ltr'><strong>Peerlk.</strong></span> <span class='ocrx_word' id='word_1_271' title='bbox 1002 2906 1071 2976; x_wconf 82' lang='lat' dir='ltr'><strong>quie</strong></span> <span class='ocrx_word' id='word_1_272' title='bbox 1088 2925 1178 2976; x_wconf 80' lang='lat' dir='ltr'><strong>parua</strong></span> 
     </span>
     <span class='ocr_line' id='line_1_32' title="bbox 53 2977 1176 3054; baseline 0.004 -25"><span class='ocrx_word' id='word_1_273' title='bbox 53 2982 198 3034; x_wconf 70' lang='lat' dir='ltr'><strong>dener-rme</strong></span> <span class='ocrx_word' id='word_1_274' title='bbox 216 2981 319 3052; x_wconf 81' lang='lat' dir='ltr'><strong>gladii</strong></span> <span class='ocrx_word' id='word_1_275' title='bbox 335 2979 423 3050; x_wconf 89' lang='lat' dir='ltr'><strong>paulo</strong></span> <span class='ocrx_word' id='word_1_276' title='bbox 441 2986 508 3050; x_wconf 90' lang='lat' dir='ltr'><strong>post</strong></span> <span class='ocrx_word' id='word_1_277' title='bbox 527 2986 556 3032; x_wconf 92' lang='lat' dir='ltr'><strong>et</strong></span> <span class='ocrx_word' id='word_1_278' title='bbox 575 2977 668 3050; x_wconf 86' lang='lat' dir='ltr'><strong>aptius</strong></span> <span class='ocrx_word' id='word_1_279' title='bbox 687 2986 889 3033; x_wconf 84' lang='lat' dir='ltr'><strong>memorentur</strong></span> <span class='ocrx_word' id='word_1_280' title='bbox 906 2995 1002 3050; x_wconf 88' lang='lat' dir='ltr'><strong>neque</strong></span> <span class='ocrx_word' id='word_1_281' title='bbox 1021 2979 1176 3054; x_wconf 87' lang='lat' dir='ltr'><strong>intelliga-</strong></span> 
     </span>
     <span class='ocr_line' id='line_1_33' title="bbox 28 3047 1174 3126; baseline 0.006 -28"><span class='ocrx_word' id='word_1_282' title='bbox 28 3047 100 3113; x_wconf 74' lang='lat' dir='ltr'><strong>‚quil</strong></span> <span class='ocrx_word' id='word_1_283' title='bbox 114 3048 172 3105; x_wconf 90' lang='lat' dir='ltr'><strong>huc</strong></span> <span class='ocrx_word' id='word_1_284' title='bbox 190 3053 308 3107; x_wconf 78' lang='lat' dir='ltr'><strong>iaciant</strong></span> <span class='ocrx_word' id='word_1_285' title='bbox 328 3055 455 3124; x_wconf 81' lang='lat' dir='ltr'><strong>ingentes</strong></span> <span class='ocrx_word' id='word_1_286' title='bbox 473 3052 573 3124; x_wconf 76' lang='lat' dir='ltr'><strong>gladii.</strong></span> <span class='ocrx_word' id='word_1_287' title='bbox 617 3051 729 3104; x_wconf 88' lang='lat' dir='ltr'><strong>Neutra</strong></span> <span class='ocrx_word' id='word_1_288' title='bbox 749 3051 826 3104; x_wconf 87' lang='lat' dir='ltr'><strong>ratio</strong></span> <span class='ocrx_word' id='word_1_289' title='bbox 844 3051 944 3126; x_wconf 73' lang='lat' dir='ltr'><strong>anagni</strong></span> <span class='ocrx_word' id='word_1_290' title='bbox 962 3059 1004 3106; x_wconf 90' lang='lat' dir='ltr'><strong>est</strong></span> <span class='ocrx_word' id='word_1_291' title='bbox 1022 3053 1174 3106; x_wconf 88' lang='lat' dir='ltr'><strong>momenti.</strong></span> 
     </span>
     <span class='ocr_line' id='line_1_34' title="bbox 69 3122 1176 3193; baseline 0.005 -21"><span class='ocrx_word' id='word_1_292' title='bbox 69 3123 137 3177; x_wconf 88' lang='lat' dir='ltr'><strong>euim</strong></span> <span class='ocrx_word' id='word_1_293' title='bbox 157 3125 298 3180; x_wconf 86' lang='lat' dir='ltr'><strong>eiusdem</strong></span> <span class='ocrx_word' id='word_1_294' title='bbox 318 3125 476 3179; x_wconf 87' lang='lat' dir='ltr'><strong>sententiae</strong></span> <span class='ocrx_word' id='word_1_295' title='bbox 494 3124 614 3193; x_wconf 88' lang='lat' dir='ltr'><strong>utrique</strong></span> <span class='ocrx_word' id='word_1_296' title='bbox 633 3123 699 3177; x_wconf 88' lang='lat' dir='ltr'><strong>loco</strong></span> <span class='ocrx_word' id='word_1_297' title='bbox 719 3123 785 3177; x_wconf 83' lang='lat' dir='ltr'><strong>satis</strong></span> <span class='ocrx_word' id='word_1_298' title='bbox 805 3123 988 3177; x_wconf 84' lang='lat' dir='ltr'><strong>conveniunt</strong></span> <span class='ocrx_word' id='word_1_299' title='bbox 1006 3131 1035 3178; x_wconf 91' lang='lat' dir='ltr'><strong>et</strong></span> <span class='ocrx_word' id='word_1_300' title='bbox 1053 3122 1176 3178; x_wconf 83' lang='lat' dir='ltr'><strong>missilia</strong></span> 
     </span>
     <span class='ocr_line' id='line_1_35' title="bbox 12 3165 1176 3274; baseline 0.004 -28"><span class='ocrx_word' id='word_1_301' title='bbox 12 3165 52 3260; x_wconf 56' lang='lat' dir='ltr'><strong>lili</strong></span> <span class='ocrx_word' id='word_1_302' title='bbox 70 3203 195 3261; x_wconf 84' lang='lat' dir='ltr'><strong>poterant</strong></span> <span class='ocrx_word' id='word_1_303' title='bbox 219 3197 397 3274; x_wconf 80' lang='lat' dir='ltr'><strong>ingentibus</strong></span> <span class='ocrx_word' id='word_1_304' title='bbox 424 3196 538 3273; x_wconf 86' lang='lat' dir='ltr'><strong>gladiis.</strong></span> <span class='ocrx_word' id='word_1_305' title='bbox 582 3197 714 3270; x_wconf 84' lang='lat' dir='ltr'><strong>Languet</strong></span> <span class='ocrx_word' id='word_1_306' title='bbox 740 3203 837 3250; x_wconf 87' lang='lat' dir='ltr'><strong>tamen</strong></span> <span class='ocrx_word' id='word_1_307' title='bbox 863 3195 1016 3266; x_wconf 83' lang='lat' dir='ltr'><strong>epitheton</strong></span> <span class='ocrx_word' id='word_1_308' title='bbox 1043 3197 1176 3260; x_wconf 80' lang='lat' dir='ltr'><strong>breuibus,</strong></span> 
     </span>
     <span class='ocr_line' id='line_1_36' title="bbox 21 3255 1176 3342; baseline 0.01 -29"><span class='ocrx_word' id='word_1_309' title='bbox 21 3255 77 3317; x_wconf 85' lang='lat' dir='ltr'><strong>&#39;uon</strong></span> <span class='ocrx_word' id='word_1_310' title='bbox 92 3268 124 3322; x_wconf 87' lang='lat' dir='ltr'><strong>ad</strong></span> <span class='ocrx_word' id='word_1_311' title='bbox 141 3271 373 3336; x_wconf 84' lang='lat' dir='ltr'><strong>Pleonasmum,</strong></span> <span class='ocrx_word' id='word_1_312' title='bbox 393 3272 433 3336; x_wconf 78' lang='lat' dir='ltr'><strong>(v.</strong></span> <span class='ocrx_word' id='word_1_313' title='bbox 454 3269 519 3324; x_wconf 88' lang='lat' dir='ltr'><strong>lnd.</strong></span> <span class='ocrx_word' id='word_1_314' title='bbox 539 3269 609 3334; x_wconf 80' lang='grc' dir='ltr'><strong>ΙΙΙ.)</strong></span> <span class='ocrx_word' id='word_1_315' title='bbox 635 3267 686 3322; x_wconf 87' lang='lat' dir='ltr'><strong>sed</strong></span> <span class='ocrx_word' id='word_1_316' title='bbox 712 3267 749 3320; x_wconf 90' lang='lat' dir='ltr'><strong>ad</strong></span> <span class='ocrx_word' id='word_1_317' title='bbox 772 3267 934 3342; x_wconf 80' lang='lat' dir='ltr'><strong>aagendam</strong></span> <span class='ocrx_word' id='word_1_318' title='bbox 952 3268 1106 3322; x_wconf 81' lang='lat' dir='ltr'><strong>brevitatis</strong></span> <span class='ocrx_word' id='word_1_319' title='bbox 1124 3285 1176 3324; x_wconf 88' lang='lat' dir='ltr'><strong>no·</strong></span> 
     </span>
     <span class='ocr_line' id='line_1_37' title="bbox 74 3343 1174 3411; baseline 0.002 -19"><span class='ocrx_word' id='word_1_320' title='bbox 74 3343 260 3396; x_wconf 71' lang='lat' dir='ltr'><strong>nferendum</strong></span> <span class='ocrx_word' id='word_1_321' title='bbox 284 3349 344 3396; x_wconf 84' lang='lat' dir='ltr'><strong>est:</strong></span> <span class='ocrx_word' id='word_1_322' title='bbox 381 3360 450 3395; x_wconf 83' lang='lat' dir='ltr'><strong>nam</strong></span> <span class='ocrx_word' id='word_1_323' title='bbox 476 3358 574 3395; x_wconf 88' lang='lat' dir='ltr'><strong>omues</strong></span> <span class='ocrx_word' id='word_1_324' title='bbox 593 3349 699 3395; x_wconf 75' lang='lat' dir='ltr'><strong>caetrae</strong></span> <span class='ocrx_word' id='word_1_325' title='bbox 724 3347 792 3393; x_wconf 88' lang='lat' dir='ltr'><strong>sunt</strong></span> <span class='ocrx_word' id='word_1_326' title='bbox 816 3343 908 3394; x_wconf 80' lang='lat' dir='ltr'><strong>brevia</strong></span> <span class='ocrx_word' id='word_1_327' title='bbox 925 3359 946 3393; x_wconf 94' lang='lat' dir='ltr'><strong>s.</strong></span> <span class='ocrx_word' id='word_1_328' title='bbox 966 3357 1059 3411; x_wconf 86' lang='lat' dir='ltr'><strong>parva</strong></span> <span class='ocrx_word' id='word_1_329' title='bbox 1083 3349 1174 3408; x_wconf 81' lang='lat' dir='ltr'><strong>scuta,</strong></span> 
     </span>
     <span class='ocr_line' id='line_1_38' title="bbox 44 3413 1172 3539; baseline -0.004 -70"><span class='ocrx_word' id='word_1_330' title='bbox 44 3443 51 3469; x_wconf 78' lang='lat' dir='ltr'><strong>l</strong></span> <span class='ocrx_word' id='word_1_331' title='bbox 77 3414 172 3482; x_wconf 83' lang='lat' dir='ltr'><strong>quibus</strong></span> <span class='ocrx_word' id='word_1_332' title='bbox 200 3415 299 3470; x_wconf 85' lang='lat' dir='ltr'><strong>etiam</strong></span> <span class='ocrx_word' id='word_1_333' title='bbox 328 3414 450 3539; x_wconf 63' lang='lat' dir='ltr'><strong>Hiqgeni</strong></span> <span class='ocrx_word' id='word_1_334' title='bbox 473 3413 598 3482; x_wconf 75' lang='lat' dir='ltr'><strong>Afrique</strong></span> <span class='ocrx_word' id='word_1_335' title='bbox 622 3413 798 3479; x_wconf 88' lang='lat' dir='ltr'><strong>utebantur,</strong></span> <span class='ocrx_word' id='word_1_336' title='bbox 831 3413 941 3466; x_wconf 86' lang='lat' dir='ltr'><strong>similia</strong></span> <span class='ocrx_word' id='word_1_337' title='bbox 962 3414 1065 3484; x_wconf 79' lang='lat' dir='ltr'><strong>peltis,</strong></span> <span class='ocrx_word' id='word_1_338' title='bbox 1096 3414 1172 3484; x_wconf 89' lang='lat' dir='ltr'><strong>inpr.</strong></span> 
     </span>
     <span class='ocr_line' id='line_1_39' title="bbox 54 3481 1176 3554; baseline -0.001 -15"><span class='ocrx_word' id='word_1_339' title='bbox 54 3500 125 3554; x_wconf 78' lang='lat' dir='ltr'><strong>num,</strong></span> <span class='ocrx_word' id='word_1_340' title='bbox 157 3491 295 3544; x_wconf 78' lang='lat' dir='ltr'><strong>sormam</strong></span> <span class='ocrx_word' id='word_1_341' title='bbox 325 3503 372 3540; x_wconf 89' lang='lat' dir='ltr'><strong>me</strong></span> <span class='ocrx_word' id='word_1_342' title='bbox 395 3487 438 3540; x_wconf 85' lang='lat' dir='ltr'><strong>&#39;ae</strong></span> <span class='ocrx_word' id='word_1_343' title='bbox 463 3486 513 3540; x_wconf 82' lang='lat' dir='ltr'><strong>vel</strong></span> <span class='ocrx_word' id='word_1_344' title='bbox 536 3481 735 3540; x_wconf 86' lang='lat' dir='ltr'><strong>corniculatae</strong></span> <span class='ocrx_word' id='word_1_345' title='bbox 754 3485 841 3538; x_wconf 88' lang='lat' dir='ltr'><strong>lunae</strong></span> <span class='ocrx_word' id='word_1_346' title='bbox 859 3485 1068 3540; x_wconf 75' lang='lat' dir='ltr'><strong>referentibus:</strong></span> <span class='ocrx_word' id='word_1_347' title='bbox 1098 3485 1176 3538; x_wconf 87' lang='lat' dir='ltr'><strong>unde</strong></span> 
     </span>
     <span class='ocr_line' id='line_1_40' title="bbox 54 3557 1177 3633; baseline 0.001 -24"><span class='ocrx_word' id='word_1_348' title='bbox 54 3561 101 3609; x_wconf 84' lang='lat' dir='ltr'><strong>iet</strong></span> <span class='ocrx_word' id='word_1_349' title='bbox 115 3563 273 3630; x_wconf 77' lang='lat' dir='ltr'><strong>peltastae,</strong></span> <span class='ocrx_word' id='word_1_350' title='bbox 295 3559 371 3613; x_wconf 82' lang='lat' dir='ltr'><strong>levis</strong></span> <span class='ocrx_word' id='word_1_351' title='bbox 389 3567 553 3612; x_wconf 86' lang='lat' dir='ltr'><strong>armaturae</strong></span> <span class='ocrx_word' id='word_1_352' title='bbox 571 3557 699 3624; x_wconf 87' lang='lat' dir='ltr'><strong>milites,</strong></span> <span class='ocrx_word' id='word_1_353' title='bbox 724 3563 758 3610; x_wconf 88' lang='lat' dir='ltr'><strong>ut</strong></span> <span class='ocrx_word' id='word_1_354' title='bbox 775 3557 873 3633; x_wconf 81' lang='lat' dir='ltr'><strong>gravis</strong></span> <span class='ocrx_word' id='word_1_355' title='bbox 894 3560 1023 3629; x_wconf 81' lang='lat' dir='ltr'><strong>clipeati,</strong></span> <span class='ocrx_word' id='word_1_356' title='bbox 1051 3560 1177 3630; x_wconf 75' lang='lat' dir='ltr'><strong>aglaepi-</strong></span> 
     </span>
     <span class='ocr_line' id='line_1_41' title="bbox 38 3625 1203 3710; baseline 0.004 -28"><span class='ocrx_word' id='word_1_357' title='bbox 38 3625 209 3706; x_wconf 72' lang='lat' dir='ltr'><strong>dalenepetles.</strong></span> <span class='ocrx_word' id='word_1_358' title='bbox 251 3651 284 3687; x_wconf 80' lang='lat' dir='ltr'><strong>v.</strong></span> <span class='ocrx_word' id='word_1_359' title='bbox 317 3632 409 3702; x_wconf 82' lang='lat' dir='ltr'><strong>intpp.</strong></span> <span class='ocrx_word' id='word_1_360' title='bbox 438 3631 503 3684; x_wconf 81' lang='lat' dir='ltr'><strong>biv.</strong></span> <span class='ocrx_word' id='word_1_361' title='bbox 531 3633 582 3692; x_wconf 89' lang='grc'><strong>21,</strong></span> <span class='ocrx_word' id='word_1_362' title='bbox 610 3635 654 3687; x_wconf 86' lang='grc'><strong>21.</strong></span> <span class='ocrx_word' id='word_1_363' title='bbox 681 3632 733 3698; x_wconf 84' lang='grc'><strong>28,</strong></span> <span class='ocrx_word' id='word_1_364' title='bbox 753 3631 778 3684; x_wconf 84' lang='grc'><strong>5.</strong></span> <span class='ocrx_word' id='word_1_365' title='bbox 807 3633 857 3693; x_wconf 85' lang='grc'><strong>31,</strong></span> <span class='ocrx_word' id='word_1_366' title='bbox 875 3633 919 3686; x_wconf 88' lang='grc'><strong>36.</strong></span> <span class='ocrx_word' id='word_1_367' title='bbox 960 3629 1011 3684; x_wconf 87' lang='lat' dir='ltr'><strong>Sil.</strong></span> <span class='ocrx_word' id='word_1_368' title='bbox 1030 3633 1064 3696; x_wconf 92' lang='grc'><strong>2,</strong></span> <span class='ocrx_word' id='word_1_369' title='bbox 1084 3635 1127 3687; x_wconf 83' lang='grc'><strong>73.</strong></span> <span class='ocrx_word' id='word_1_370' title='bbox 1148 3633 1175 3697; x_wconf 89' lang='grc'><strong>3,</strong></span> <span class='ocrx_word' id='word_1_371' title='bbox 1200 3704 1203 3710; x_wconf 20' lang='grc' dir='ltr'><strong>Δ</strong></span> 
     </span>
     <span class='ocr_line' id='line_1_42' title="bbox 36 3701 1177 3783; baseline -0.007 -19"><span class='ocrx_word' id='word_1_372' title='bbox 36 3703 58 3764; x_wconf 66' lang='grc'><strong>9,</strong></span> <span class='ocrx_word' id='word_1_373' title='bbox 71 3707 126 3761; x_wconf 84' lang='grc'><strong>231.</strong></span> <span class='ocrx_word' id='word_1_374' title='bbox 145 3709 235 3783; x_wconf 78' lang='lat' dir='ltr'><strong>Vis-g.</strong></span> <span class='ocrx_word' id='word_1_375' title='bbox 259 3705 339 3760; x_wconf 83' lang='lat' dir='ltr'><strong>Aen.</strong></span> <span class='ocrx_word' id='word_1_376' title='bbox 358 3707 392 3769; x_wconf 88' lang='grc'><strong>7,</strong></span> <span class='ocrx_word' id='word_1_377' title='bbox 413 3705 475 3761; x_wconf 91' lang='grc'><strong>732.</strong></span> <span class='ocrx_word' id='word_1_378' title='bbox 504 3703 547 3757; x_wconf 85' lang='lat' dir='ltr'><strong>cf.</strong></span> <span class='ocrx_word' id='word_1_379' title='bbox 568 3711 665 3756; x_wconf 67' lang='lat' dir='ltr'><strong>umen</strong></span> <span class='ocrx_word' id='word_1_380' title='bbox 683 3701 749 3756; x_wconf 88' lang='lat' dir='ltr'><strong>lud.</strong></span> <span class='ocrx_word' id='word_1_381' title='bbox 770 3702 825 3754; x_wconf 85' lang='grc' dir='ltr'><strong>ΙΙΙ.</strong></span> <span class='ocrx_word' id='word_1_382' title='bbox 851 3719 878 3754; x_wconf 84' lang='lat' dir='ltr'><strong>r.</strong></span> <span class='ocrx_word' id='word_1_383' title='bbox 899 3703 1081 3756; x_wconf 83' lang='lat' dir='ltr'><strong>Pleonasmus.</strong></span> <span class='ocrx_word' id='word_1_384' title='bbox 1118 3721 1177 3757; x_wconf 81' lang='lat' dir='ltr'><strong>cee-</strong></span> 
     </span>
     <span class='ocr_line' id='line_1_43' title="bbox 33 3771 1174 3850; baseline 0 -21"><span class='ocrx_word' id='word_1_385' title='bbox 33 3771 60 3823; x_wconf 71' lang='lat' dir='ltr'><strong>td</strong></span> <span class='ocrx_word' id='word_1_386' title='bbox 76 3775 132 3832; x_wconf 83' lang='lat' dir='ltr'><strong>hir.</strong></span> <span class='ocrx_word' id='word_1_387' title='bbox 151 3797 229 3850; x_wconf 82' lang='lat' dir='ltr'><strong>qnae</strong></span> <span class='ocrx_word' id='word_1_388' title='bbox 251 3777 406 3846; x_wconf 84' lang='lat' dir='ltr'><strong>scriptura</strong></span> <span class='ocrx_word' id='word_1_389' title='bbox 424 3775 530 3830; x_wconf 88' lang='lat' dir='ltr'><strong>ceteris</strong></span> <span class='ocrx_word' id='word_1_390' title='bbox 548 3773 739 3845; x_wconf 78' lang='lat' dir='ltr'><strong>praeferenda</strong></span> <span class='ocrx_word' id='word_1_391' title='bbox 757 3773 884 3828; x_wconf 84' lang='lat' dir='ltr'><strong>videtur.</strong></span> <span class='ocrx_word' id='word_1_392' title='bbox 915 3794 943 3828; x_wconf 85' lang='lat' dir='ltr'><strong>v.</strong></span> <span class='ocrx_word' id='word_1_393' title='bbox 969 3775 1059 3828; x_wconf 88' lang='lat' dir='ltr'><strong>iidem</strong></span> <span class='ocrx_word' id='word_1_394' title='bbox 1079 3775 1174 3847; x_wconf 88' lang='lat' dir='ltr'><strong>intpp.</strong></span> 
     </span>
     <span class='ocr_line' id='line_1_44' title="bbox 40 3846 1178 3919; baseline 0.003 -22"><span class='ocrx_word' id='word_1_395' title='bbox 40 3847 80 3900; x_wconf 80' lang='lat' dir='ltr'><strong>leb.</strong></span> <span class='ocrx_word' id='word_1_396' title='bbox 96 3853 130 3906; x_wconf 83' lang='lat' dir='ltr'><strong>ad</strong></span> <span class='ocrx_word' id='word_1_397' title='bbox 146 3853 202 3908; x_wconf 86' lang='lat' dir='ltr'><strong>sit.</strong></span> <span class='ocrx_word' id='word_1_398' title='bbox 223 3858 263 3917; x_wconf 81' lang='lat'><strong>3,</strong></span> <span class='ocrx_word' id='word_1_399' title='bbox 285 3853 352 3906; x_wconf 83' lang='lat'><strong>278.</strong></span> <span class='ocrx_word' id='word_1_400' title='bbox 372 3849 424 3918; x_wconf 89' lang='lat' dir='ltr'><strong>qui</strong></span> <span class='ocrx_word' id='word_1_401' title='bbox 442 3849 569 3919; x_wconf 83' lang='lat' dir='ltr'><strong>putebat,</strong></span> <span class='ocrx_word' id='word_1_402' title='bbox 589 3864 653 3900; x_wconf 80' lang='lat' dir='ltr'><strong>voc.</strong></span> <span class='ocrx_word' id='word_1_403' title='bbox 673 3846 814 3900; x_wconf 82' lang='lat' dir='ltr'><strong>Punicum</strong></span> <span class='ocrx_word' id='word_1_404' title='bbox 834 3864 893 3902; x_wconf 88' lang='lat' dir='ltr'><strong>esse</strong></span> <span class='ocrx_word' id='word_1_405' title='bbox 912 3856 941 3901; x_wconf 91' lang='lat' dir='ltr'><strong>et</strong></span> <span class='ocrx_word' id='word_1_406' title='bbox 958 3863 1060 3918; x_wconf 88' lang='lat' dir='ltr'><strong>propr.</strong></span> <span class='ocrx_word' id='word_1_407' title='bbox 1086 3849 1178 3902; x_wconf 79' lang='lat' dir='ltr'><strong>rethre</strong></span> 
     </span>
     <span class='ocr_line' id='line_1_45' title="bbox 35 3919 1174 3979; baseline -0.004 -3"><span class='ocrx_word' id='word_1_408' title='bbox 35 3921 125 3978; x_wconf 69' lang='lat' dir='ltr'><strong>tndem.</strong></span> <span class='ocrx_word' id='word_1_409' title='bbox 161 3929 274 3979; x_wconf 76' lang='lat' dir='ltr'><strong>sostris</strong></span> <span class='ocrx_word' id='word_1_410' title='bbox 291 3940 319 3976; x_wconf 86' lang='lat' dir='ltr'><strong>c.</strong></span> <span class='ocrx_word' id='word_1_411' title='bbox 335 3923 491 3978; x_wconf 61' lang='lat' dir='ltr'><strong>Versata.</strong></span> <span class='ocrx_word' id='word_1_412' title='bbox 529 3919 882 3974; x_wconf 63' lang='lat' dir='ltr'><strong>minutissimarum.</strong></span> <span class='ocrx_word' id='word_1_413' title='bbox 919 3925 1002 3974; x_wconf 71' lang='lat' dir='ltr'><strong>carte</strong></span> <span class='ocrx_word' id='word_1_414' title='bbox 1026 3920 1089 3974; x_wconf 91' lang='lat' dir='ltr'><strong>edd.</strong></span> <span class='ocrx_word' id='word_1_415' title='bbox 1109 3921 1174 3974; x_wconf 88' lang='lat' dir='ltr'><strong>Ber.</strong></span> 
     </span>
     <span class='ocr_line' id='line_1_46' title="bbox 56 3995 1174 4068; baseline -0.005 -18"><span class='ocrx_word' id='word_1_416' title='bbox 56 4000 103 4050; x_wconf 78' lang='lat' dir='ltr'><strong>ires</strong></span> <span class='ocrx_word' id='word_1_417' title='bbox 119 4007 148 4052; x_wconf 83' lang='lat' dir='ltr'><strong>et</strong></span> <span class='ocrx_word' id='word_1_418' title='bbox 164 4017 228 4054; x_wconf 80' lang='lat' dir='ltr'><strong>rac.</strong></span> <span class='ocrx_word' id='word_1_419' title='bbox 250 4023 298 4038; x_wconf 89' lang='lat'><strong>-·</strong></span> <span class='ocrx_word' id='word_1_420' title='bbox 332 3997 474 4058; x_wconf 67' lang='lat' dir='ltr'><strong>‚masilia</strong></span> <span class='ocrx_word' id='word_1_421' title='bbox 498 3999 586 4048; x_wconf 82' lang='lat' dir='ltr'><strong>vitare</strong></span> <span class='ocrx_word' id='word_1_422' title='bbox 611 4001 640 4047; x_wconf 88' lang='lat' dir='ltr'><strong>et</strong></span> <span class='ocrx_word' id='word_1_423' title='bbox 666 3999 805 4051; x_wconf 69' lang='lat' dir='ltr'><strong>exemere,</strong></span> <span class='ocrx_word' id='word_1_424' title='bbox 835 3999 870 4043; x_wconf 86' lang='lat' dir='ltr'><strong>ut</strong></span> <span class='ocrx_word' id='word_1_425' title='bbox 898 4010 942 4064; x_wconf 88' lang='lat' dir='ltr'><strong>sp.</strong></span> <span class='ocrx_word' id='word_1_426' title='bbox 973 3995 1075 4068; x_wconf 85' lang='lat' dir='ltr'><strong>Veget.</strong></span> <span class='ocrx_word' id='word_1_427' title='bbox 1095 3999 1128 4059; x_wconf 90' lang='lat'><strong>1,</strong></span> <span class='ocrx_word' id='word_1_428' title='bbox 1147 3997 1174 4046; x_wconf 76' lang='lat' dir='ltr'><strong>il.</strong></span> 
     </span>
     <span class='ocr_line' id='line_1_47' title="bbox 69 4064 1177 4139; baseline -0.004 -19"><span class='ocrx_word' id='word_1_429' title='bbox 69 4073 210 4138; x_wconf 69' lang='lat' dir='ltr'><strong>predantes·</strong></span> <span class='ocrx_word' id='word_1_430' title='bbox 229 4074 346 4126; x_wconf 75' lang='lat' dir='ltr'><strong>evitare</strong></span> <span class='ocrx_word' id='word_1_431' title='bbox 365 4073 394 4120; x_wconf 90' lang='lat' dir='ltr'><strong>et</strong></span> <span class='ocrx_word' id='word_1_432' title='bbox 412 4069 530 4139; x_wconf 79' lang='lat' dir='ltr'><strong>obliquis</strong></span> <span class='ocrx_word' id='word_1_433' title='bbox 550 4068 649 4120; x_wconf 76' lang='lat' dir='ltr'><strong>ictibus</strong></span> <span class='ocrx_word' id='word_1_434' title='bbox 667 4068 809 4118; x_wconf 82' lang='lat' dir='ltr'><strong>venientia</strong></span> <span class='ocrx_word' id='word_1_435' title='bbox 832 4066 888 4118; x_wconf 82' lang='lat' dir='ltr'><strong>tela</strong></span> <span class='ocrx_word' id='word_1_436' title='bbox 911 4067 1049 4135; x_wconf 76' lang='lat' dir='ltr'><strong>deflectere</strong></span> <span class='ocrx_word' id='word_1_437' title='bbox 1076 4065 1111 4119; x_wconf 89' lang='lat' dir='ltr'><strong>de</strong></span> <span class='ocrx_word' id='word_1_438' title='bbox 1137 4064 1177 4116; x_wconf 87' lang='lat' dir='ltr'><strong>ti-</strong></span> 
     </span>
     <span class='ocr_line' id='line_1_48' title="bbox 66 4137 1176 4214; baseline -0.003 -22"><span class='ocrx_word' id='word_1_439' title='bbox 66 4147 213 4198; x_wconf 81' lang='lat' dir='ltr'><strong>exercitiis.</strong></span> <span class='ocrx_word' id='word_1_440' title='bbox 258 4139 422 4196; x_wconf 75' lang='lat' dir='ltr'><strong>caledonii</strong></span> <span class='ocrx_word' id='word_1_441' title='bbox 442 4147 556 4204; x_wconf 85' lang='lat' dir='ltr'><strong>sutem,</strong></span> <span class='ocrx_word' id='word_1_442' title='bbox 575 4137 689 4214; x_wconf 85' lang='lat' dir='ltr'><strong>gladios</strong></span> <span class='ocrx_word' id='word_1_443' title='bbox 707 4137 826 4201; x_wconf 80' lang='lat' dir='ltr'><strong>dextris,</strong></span> <span class='ocrx_word' id='word_1_444' title='bbox 846 4143 954 4194; x_wconf 63' lang='lat' dir='ltr'><strong>caenas</strong></span> <span class='ocrx_word' id='word_1_445' title='bbox 973 4137 1097 4194; x_wconf 77' lang='lat' dir='ltr'><strong>sinistris</strong></span> <span class='ocrx_word' id='word_1_446' title='bbox 1115 4154 1176 4190; x_wconf 88' lang='lat' dir='ltr'><strong>ma-</strong></span> 
     </span>
     <span class='ocr_line' id='line_1_49' title="bbox 50 4207 1176 4290; baseline -0.004 -24"><span class='ocrx_word' id='word_1_447' title='bbox 50 4219 175 4288; x_wconf 70' lang='lat' dir='ltr'><strong>lecautus,</strong></span> <span class='ocrx_word' id='word_1_448' title='bbox 196 4217 347 4290; x_wconf 86' lang='lat' dir='ltr'><strong>primum</strong></span> <span class='ocrx_word' id='word_1_449' title='bbox 366 4215 487 4267; x_wconf 80' lang='lat' dir='ltr'><strong>missilia</strong></span> <span class='ocrx_word' id='word_1_450' title='bbox 502 4211 698 4266; x_wconf 84' lang='lat' dir='ltr'><strong>Romanorum</strong></span> <span class='ocrx_word' id='word_1_451' title='bbox 716 4214 818 4265; x_wconf 81' lang='lat' dir='ltr'><strong>citasse</strong></span> <span class='ocrx_word' id='word_1_452' title='bbox 835 4211 879 4264; x_wconf 81' lang='lat' dir='ltr'><strong>sel</strong></span> <span class='ocrx_word' id='word_1_453' title='bbox 895 4215 1053 4274; x_wconf 64' lang='lat' dir='ltr'><strong>arnestat,</strong></span> <span class='ocrx_word' id='word_1_454' title='bbox 1072 4207 1176 4264; x_wconf 84' lang='lat' dir='ltr'><strong>deinde</strong></span> 
     </span>
     <span class='ocr_line' id='line_1_50' title="bbox 29 4281 1177 4356; baseline -0.008 -13"><span class='ocrx_word' id='word_1_455' title='bbox 29 4299 136 4354; x_wconf 57' lang='lat' dir='ltr'><strong>*mnu</strong></span> <span class='ocrx_word' id='word_1_456' title='bbox 153 4297 214 4346; x_wconf 82' lang='lat' dir='ltr'><strong>eim</strong></span> <span class='ocrx_word' id='word_1_457' title='bbox 233 4291 366 4342; x_wconf 85' lang='lat' dir='ltr'><strong>telorum</strong></span> <span class='ocrx_word' id='word_1_458' title='bbox 383 4282 516 4339; x_wconf 85' lang='lat' dir='ltr'><strong>hostibus</strong></span> <span class='ocrx_word' id='word_1_459' title='bbox 535 4282 720 4356; x_wconf 74' lang='lat' dir='ltr'><strong>supersedisse</strong></span> <span class='ocrx_word' id='word_1_460' title='bbox 737 4282 906 4336; x_wconf 84' lang='lat' dir='ltr'><strong>videntur.”</strong></span> <span class='ocrx_word' id='word_1_461' title='bbox 936 4281 1041 4337; x_wconf 76' lang='lat' dir='ltr'><strong>Walcls</strong></span> <span class='ocrx_word' id='word_1_462' title='bbox 1060 4309 1097 4322; x_wconf 92' lang='lat'>-</span> <span class='ocrx_word' id='word_1_463' title='bbox 1133 4299 1177 4335; x_wconf 81' lang='lat' dir='ltr'><strong>eu-</strong></span> 
     </span>
    </p>
   </div>
   <div class='ocr_carea' id='block_1_10' title="bbox 18 4350 1177 4525">
    <p class='ocr_par' dir='ltr' id='par_1_10' title="bbox 18 4350 1177 4525">
     <span class='ocr_line' id='line_1_51' title="bbox 100 4350 1177 4500; baseline -0.007 -82"><span class='ocrx_word' id='word_1_464' title='bbox 100 4372 159 4426; x_wconf 87' lang='lat' dir='ltr'><strong>,at</strong></span> <span class='ocrx_word' id='word_1_465' title='bbox 169 4363 331 4436; x_wconf 75' lang='lat' dir='ltr'><strong>sundere,</strong></span> <span class='ocrx_word' id='word_1_466' title='bbox 350 4352 506 4427; x_wconf 78' lang='lat' dir='ltr'><strong>effundere,</strong></span> <span class='ocrx_word' id='word_1_467' title='bbox 524 4359 614 4424; x_wconf 73' lang='lat' dir='ltr'><strong>xiste,</strong></span> <span class='ocrx_word' id='word_1_468' title='bbox 640 4353 746 4426; x_wconf 67' lang='lat' dir='ltr'><strong>gesisse,</strong></span> <span class='ocrx_word' id='word_1_469' title='bbox 771 4351 942 4500; x_wconf 63' lang='lat' dir='ltr'><strong>eagchsises,</strong></span> <span class='ocrx_word' id='word_1_470' title='bbox 969 4350 1098 4423; x_wconf 69' lang='grc' dir='ltr'><strong>ἐπικεύειι</strong></span> <span class='ocrx_word' id='word_1_471' title='bbox 1115 4351 1177 4410; x_wconf 78' lang='lat' dir='ltr'><strong>oot-</strong></span> 
     </span>
     <span class='ocr_line' id='line_1_52' title="bbox 18 4448 639 4525; baseline 0.003 -12"><span class='ocrx_word' id='word_1_472' title='bbox 18 4448 64 4525; x_wconf 63' lang='lat' dir='ltr'><strong>opp,</strong></span> <span class='ocrx_word' id='word_1_473' title='bbox 78 4463 129 4516; x_wconf 79' lang='lat' dir='ltr'><strong>Tac.</strong></span> <span class='ocrx_word' id='word_1_474' title='bbox 151 4466 181 4520; x_wconf 78' lang='lat' dir='ltr'><strong>T.</strong></span> <span class='ocrx_word' id='word_1_475' title='bbox 197 4463 254 4518; x_wconf 82' lang='lat' dir='ltr'><strong>IV.</strong></span> <span class='ocrx_word' id='word_1_476' title='bbox 638 4520 639 4523; x_wconf 8' lang='grc' dir='ltr'><strong>Ἴ</strong></span> 
     </span>
    </p>
   </div>
   <div class='ocr_carea' id='block_1_11' title="bbox 0 0 1382 4792">
    <p class='ocr_par' dir='ltr' id='par_1_11' title="bbox 0 0 1382 4792">
     <span class='ocr_line' id='line_1_53' title="bbox 0 0 1382 4792; baseline 0 0"><span class='ocrx_word' id='word_1_477' title='bbox 0 0 1382 4792; x_wconf 95' lang='lat' dir='ltr'><strong> </strong></span> 
     </span>
    </p>
   </div>
  </div>
 </body>
</html>
