2770 4792
462 263 602 330 CAPUT
623 265 714 330 xlx.
1143 269 1204 332 265

30 431 83 485 tlte.
99 433 208 486 611199.
227 443 314 499 quem
333 427 491 485 lectionem
509 447 647 502 recepere
674 432 798 486 editores
816 447 875 486 rec.
897 441 926 486 et
944 435 1054 505 optime
1073 434 1203 488 defendit

29 501 113 555 Walcls.
142 518 302 573 praeponere
326 509 391 556 ante
416 509 515 574 potius
540 504 569 558 le
592 505 702 558 'turin
720 504 776 558 MS.
797 505 862 558 Urs.
882 513 911 559 et
926 509 1072 577 praeficere
1093 509 1124 559 in
1142 507 1202 560 alio

29 573 70 626 eius
84 575 152 630 libro.
182 591 349 646 praeponere
373 575 451 630 abest
479 578 513 629 ab
538 579 573 630 ed
595 577 861 631 .vet.anteB1-ot.
883 581 961 647 quod
980 580 1115 634 nonnulli
1133 596 1202 648 pro·
1229 587 1237 594 ”

27 644 85 714 beet,
102 648 144 717 qui
159 649 213 702 bec
229 647 425 717 supplendum
446 657 563 704 censent
580 651 630 704 vel
649 650 724 716 alia,
743 651 822 711 aare,
840 651 972 715 meabat,
999 654 1142 718 censebat,
1163 669 1203 704 re·

26 721 97 780 tiae,
112 724 251 791 imponere,
265 721 420 790 praeficere.
458 725 513 776 Pro
529 727 644 792 potius,
664 722 741 791 quod
758 731 826 776 ante
844 725 926 794 qaam
945 743 1028 796 saepe
1047 725 1201 790 omittitur,

27 793 127 859 mnatre
142 793 365 847 substituendum
383 795 502 864 putabat
521 796 612 850 Gran.
650 815 707 849 non
731 803 909 865 peccaturos,
935 797 1065 864 bossiines
1092 805 1202 868 specta·

26 869 56 916 tn
68 865 133 930 idei,
150 865 320 941 integritatis
340 875 368 920 et
385 867 590 935 abstinentiae,
609 884 683 934 non,
703 876 736 920 ut
754 869 960 938 Vespasianus,
982 872 1024 936 (v.
1045 870 1123 924 Suet.
1144 872 1202 934 16.)

26 939 198 1004 rascbsimam
216 955 382 1008 quemque,
402 957 460 1010 quc
478 941 686 1012 locupletiores
704 957 773 994 mex
792 941 1018 1010 condemnaret,
1040 943 1115 998 Vird.
1153 941 1203 996 Sic

27 1010 191 1080 etlnpemtor
207 1011 379 1066 turcarum.

26 1149 30 1160 ¹
71 1087 89 1136 ³.
119 1084 263 1150 Frrementi
280 1087 494 1137 attributorum
511 1113 547 1124 -·
565 1088 751 1158 cogebantur:
772 1086 859 1139 verbe
877 1085 950 1140 haec
968 1089 1045 1141 male
1064 1105 1080 1140 a
1099 1089 1202 1142 ceteris

24 1156 1202 1303 99191119991111991111.ξέίῖῑέἕὲὶῑζζῗῑῖξκὲἓῑ
1271 1219 1272 1222 Ν

23 1298 117 1363 9111166,
140 1311 168 1355 61
192 1303 223 1356 in
241 1302 361 1369 Sicilia,
390 1303 500 1372 triplex
523 1312 585 1357 erat
607 1302 750 1371 frumenti
774 1322 885 1380 genus,
914 1323 930 1357 a
954 1305 1042 1359 sociis
1061 1305 1199 1370 dandum,

23 1365 275 1447 (Ganidelieserung,
303 1383 336 1428 ut
358 1375 433 1428 Ann.
459 1379 494 1442 4,
518 1379 560 1442 6.)
588 1377 785 1442 decumanum,
812 1385 932 1446 emptum
957 1386 986 1431 et
1013 1383 1200 1432 aestimatam.

21 1437 49 1492 fle
61 1451 188 1501 animato
206 1467 233 1502 v.
255 1453 323 1501 nota
340 1452 366 1503 l.
386 1465 454 1500 nam
469 1449 558 1502 rerba
577 1451 712 1519 proxime
731 1451 767 1503 ad
786 1449 865 1502 illud
884 1450 1053 1516 referenda,
1084 1459 1112 1504 et
1129 1450 1201 1504 haee

21 1511 163 1586 timpum.
200 1522 308 1590 [licem
333 1521 414 1574 class.
441 1529 483 1574 est
510 1521 603 1576 oratio
631 1522 824 1576 frumentaria
844 1522 903 1576 (lic.
924 1524 1007 1576 Verr.
1028 1531 1082 1576 act.
1102 1526 1129 1578 2.
1150 1525 1199 1576 lib.

20 1586 36 1636 ³·
49 1589 71 1639 in
86 1607 135 1660 qua
151 1594 185 1647 de
203 1594 301 1664 primo
319 1593 461 1646 frumenti
478 1611 586 1668 genere
612 1595 712 1670 agitur
731 1611 755 1648 c.
776 1599 888 1651 6-79.
908 1595 944 1648 de
964 1596 1056 1649 altero
1076 1613 1100 1649 c.
1121 1599 1203 1651 76-

18 1659 46 1708 di·
60 1661 88 1714 de
104 1666 183 1720 tertio
201 1683 226 1719 c.
246 1669 376 1724 81-98.
403 1673 432 1720 61
456 1667 551 1720 simul¹
570 1670 650 1720 furta
675 1685 708 1722 ac
734 1667 852 1720 fraudes
870 1667 970 1720 Verris
989 1675 1200 1722 memorantur.

19 1727 46 1780 61
60 1742 83 1785 et
99 1735 163 1791 baec
180 1740 274 1793 ontio
293 1746 324 1792 et
341 1747 544 1813 arguunentum
564 1739 626 1794 eius
645 1740 678 1792 in
697 1739 741 1794 ed.
761 1738 832 1792 Ern.
853 1747 882 1792 et
900 1739 1032 1808 Sobila]
1069 1743 1204 1794 Decuma·

17 1819 74 1865 ³1¹2
91 1807 180 1864 Geren.
199 1811 327 1866 lebent-
345 1812 405 1865 sive
425 1813 634 1884 Zinegetraide‚
653 1813 765 1866 decima
782 1829 849 1882 pars
869 1813 1022 1877 (decumae)
1040 1815 1160 1888 bugum
1179 1833 1200 1866 s.

16 1887 138 1940 lmentari
154 1889 219 1955 agri
230 1887 341 1956 publici
358 1903 378 1938 s.
398 1884 549 1940 decumani.
580 1887 701 1955 [Germ.
728 1886 772 1938 cles
798 1885 1043 1955 nebntpflicbtigen
1070 1885 1201 1952 landen]

17 1945 58 2000 ¹¹⁰0
79 1953 245 2010 fruuenmm
281 1957 472 2010 decumanum
497 1959 531 2012 ab
554 1959 714 2014 aratoribus
742 1957 909 2032 exigebatur
939 1958 1001 2011 sine
1028 1959 1122 2028 pretio
1147 1958 1202 2023 (ita

15 2017 90 2076 lacon,
117 2027 144 2080 in
167 2029 228 2084 cic.
254 2031 338 2084 Verr.
364 2047 394 2100 p.
420 2031 480 2094 29.)
506 2039 535 2085 61
558 2031 595 2084 ad
622 2049 726 2100 aquam
751 2031 856 2100 (mare)
890 2030 1102 2102 deportandum
1130 2038 1201 2096 erat,

14 2091 42 2150 (r.
55 2096 108 2150 Cic.
125 2101 202 2155 Verr.
223 2103 271 2164 11,
296 2107 331 2170 3,
361 2105 405 2157 11.
434 2103 533 2173 ibique
557 2103 725 2173 Hotoman.)
744 2103 795 2156 sed
813 2103 940 2158 conduci
960 2121 981 2156 s.
1001 2103 1108 2156 redimi
1127 2104 1202 2157 sole-

16 2161 44 2214 111
58 2185 69 2220 a
84 2173 253 2240 publicanis,
284 2176 336 2244 qui
361 2177 507 2230 decumani
531 2176 599 2231 inde
629 2173 803 2230 dicebantur
827 2177 937 2246 quique
965 2175 1041 2228 illud
1066 2177 1114 2235 vel
1132 2193 1203 2230 ven·

14 2233 87 2293 bitini
109 2245 138 2298 in
160 2247 336 2316 provinciis,
362 2250 412 2304 vel
440 2250 560 2304 Romam
590 2249 761 2303 mittebant:
790 2249 825 2302 de
853 2267 911 2318 quo
931 2256 1056 2323 egerunt
1074 2248 1202 2318 quidem,

14 2309 359 2388 maerensmaerens,
384 2322 481 2376 Burm.
502 2323 537 2376 de
556 2323 662 2396 vectig.
682 2339 711 2391 p.
732 2321 765 2374 11.
785 2339 810 2374 c.
830 2325 856 2377 2.
878 2330 923 2388 61,
952 2323 1003 2392 qui
1022 2339 1072 2375 sua
1092 2340 1127 2374 ex
1145 2321 1203 2374 hoo

13 2377 64 2438 lbra
85 2388 186 2459 bausit,
217 2393 394 2468 llegewisch
419 2395 491 2449 iiber
519 2395 565 2449 die
591 2395 673 2448 llb'm.
699 2394 849 2448 Finanzen
877 2412 906 2464 p.
932 2397 975 2449 71.
1004 2397 1049 2449 72.
1088 2393 1145 2462 [Cf.
1167 2393 1202 2446 ad

13 2453 64 2536 35¹³·
80 2465 109 2528 9,
126 2465 167 2532 6.]
203 2465 337 2536 Emptam
355 2469 535 2521 frumentum
555 2467 786 2539 (Karesgetraiele)
806 2475 882 2532 erat,
909 2466 987 2535 quod
1004 2467 1035 2518 vi
1054 2466 1127 2540 legis
1147 2466 1204 2519 Ru·

12 2527 75 2592 lffitt
89 2538 188 2608 pupuli
216 2537 338 2594 Siciliae
363 2539 440 2594 vecti
462 2541 521 2594 ales
546 2541 656 2611 populo
682 2539 764 2592 llom.
784 2539 912 2592 vendere
930 2538 1105 2592 tenebantur
1123 2545 1203 2591 certo

12 2604 90 2682 briis,
106 2618 138 2661 ut
156 2613 374 2666 necessitatibus
393 2622 422 2668 et
440 2559 526 2668 brbis
546 2621 574 2666 et
591 2613 750 2684 praecipue
769 2610 953 2664 exercituum
973 2612 1202 2680 prospiceretur.

12 2669 64 2754 *bnt
78 2679 106 2731 in
121 2683 281 2752 provinciis
299 2687 404 2756 populi
422 2687 592 2739 Proconsuli
612 2704 632 2740 s.
652 2683 857 2754 Propraetori,
877 2683 909 2736 in
928 2682 1075 2736 Caesareis
1094 2683 1204 2758 Legata

11 2740 89 2802 beabat
104 2757 222 2831 exigere
242 2757 378 2811 decumas
398 2767 445 2822 et,
471 2759 495 2812 si
512 2758 626 2828 primae
645 2774 704 2811 non
723 2756 905 2822 sufficereut,
934 2755 1112 2810 &cumanam
1137 2758 1205 2810 alte-

10 2833 62 2880 191.
77 2829 175 2883 alteras
192 2830 336 2890 decumas,
365 2832 391 2884 si
410 2849 464 2884 nec
483 2830 556 2891 hao,
580 2832 702 2893 tertias,
719 2827 897 2898 framentum
916 2831 1100 2898 imperatum,
1127 2825 1205 2898 quod

10 2901 187 2954 reaestuat
206 2904 377 2978 exigebatur
395 2912 423 2958 et
442 2905 604 2972 aequaliter
623 2901 851 2956 distribuebatur
870 2901 1047 2956 civitatibus.
1085 2904 1140 2954 Pro
1159 2900 1205 2952 his

9 2957 107 3024 damn
123 2975 252 3043 pecunia
278 2977 439 3030 aratoribus
471 2985 533 3030 erat
552 2976 691 3030 solvenda
710 2993 745 3029 ex
763 2975 875 3030 aerario
895 2982 945 3027 ant
962 2974 1031 3028 fisco
1052 2983 1081 3030 et
1100 2973 1205 3029 olime

9 3031 53 3109 bgr
68 3043 199 3100 Terentia
219 3056 248 3101 et
268 3049 362 3104 cassia
380 3051 575 3103 immentaria
593 3049 725 3120 pretium
748 3067 764 3101 a
788 3056 888 3101 senatu
907 3049 1098 3102 constitutum
1117 3047 1205 3100 decu-

8 3121 68 3166 9110
90 3119 176 3172 elteri
202 3119 234 3172 in
263 3121 385 3176 modios¹
401 3123 533 3198 singulos
558 3121 615 3176 Hs.
640 3123 735 3188 terni,
761 3121 905 3190 imperato
932 3119 987 3174 Hs.
1014 3119 1157 3188 quaterni.
1177 3136 1204 3170 v.

9 3177 48 3234 99.
63 3189 141 3245 Verr.
164 3193 328 3260 11,3,16.
357 3203 385 3248 61
409 3201 454 3252 79.
498 3196 649 3248 Frumenti
674 3193 767 3264 empti
787 3202 814 3246 et
833 3197 1000 3248 tributorum
1019 3193 1127 3264 (Kopf-
1145 3189 1204 3244 und

8 3249 275 3337 vtrrubgenssteuer,
295 3267 331 3320 de
349 3284 407 3336 quo
426 3285 452 3320 v.
473 3267 530 3322 Dio
549 3272 602 3334 62,
622 3273 648 3324 3.
669 3276 698 3320 61
716 3266 753 3318 ad
771 3266 846 3318 Ann.
868 3271 903 3333 1,
924 3271 973 3332 11,
993 3266 1032 3331 3.)
1051 3269 1206 3320 auctionem

7 3337 147 3398 'qualitate
168 3356 315 3392 munerum
336 3344 464 3401 mollire,
496 3342 603 3394 levare.
645 3340 702 3408 [Gi.
728 3337 765 3391 ad
789 3339 865 3392 Anu.
890 3342 998 3402 [1,89,
1017 3337 1056 3406 1.]
1093 3339 1207 3390 Auctio·
1279 3339 1283 3348 '

7 3415 59 3455 *Μ
74 3425 138 3463 uam
157 3411 365 3481 Vespasianum
385 3417 489 3468 omissa
506 3416 554 3468 sub
568 3415 657 3467 Galba
675 3413 828 3482 vectigalia
847 3429 992 3473 revocasse,
1011 3429 1082 3464 nava
1101 3417 1128 3462 et
1141 3426 1207 3479 gra·
1255 3451 1258 3456 .

7 3475 37 3524 ⁸⁷⁸
57 3483 209 3545 addidisse,
242 3490 349 3541 auause
373 3489 481 3541 tributa
505 3490 676 3557 provinciis,
706 3487 847 3540 nonnullis
874 3493 902 3536 et
936 3485 1088 3555 duplicasse
1118 3479 1206 3534 tradit

7 3541 59 3604 ⁵¹0¹·
77 3556 161 3626 vesp.
181 3561 226 3614 16.
264 3559 322 3628 [cf.
342 3559 399 3614 Dio
417 3564 472 3626 66,
491 3562 518 3616 8.
539 3560 590 3613 sed
609 3567 638 3614 et
656 3557 744 3611 verba
764 3556 884 3632 Calgaci
904 3556 957 3610 inf.
979 3575 1002 3610 c.
1022 3560 1065 3611 31.
1086 3551 1207 3608 Rotnani

7 3617 53 3674 ΒΜ
62 3625 247 3702 serimusque
266 3641 379 3686 nostras
393 3637 424 3686 in
437 3634 571 3686 tributum
591 3636 721 3704 eglrunt,
740 3649 829 3684 annos
842 3633 873 3682 in
886 3627 1068 3697 frumentum.
1106 3627 1208 3680 Auctio

7 3703 74 3751 Men
91 3701 121 3754 h.
142 3703 164 3756 l.
184 3705 309 3772 dicitur,
338 3715 371 3760 ut
397 3711 522 3760 coauctio
549 3723 677 3760 annonae
697 3703 758 3757 cic.
779 3703 862 3757 Verr.
884 3703 932 3769 11,
952 3707 984 3764 3,
1004 3704 1046 3757 82.
1067 3707 1096 3753 et
1114 3703 1208 3754 auctio

7 3765 82 3824 ⁶‘retra
100 3777 227 3831 macrob.
247 3777 305 3831 sat.
327 3784 353 3845 1,
374 3779 431 3848 19]
450 3784 607 3834 auctionem
625 3779 688 3830 va.
699 3777 779 3832 3929.
800 3777 832 3828 in
850 3793 942 3850 marg.
961 3776 1025 3828 vat.
1043 3775 1123 3828 taes.
1143 3771 1206 3826 edd.

7 3843 45 3918 irs
60 3847 115 3900 Put.
137 3857 168 3902 et
186 3848 278 3904 Rhen.
298 3851 363 3904 ttir.
382 3853 449 3906 Ber.
469 3853 550 3922 laips.
571 3859 600 3905 et
619 3851 655 3903 al.
686 3853 858 3903 exactionem
883 3849 946 3900 Vnt.
965 3851 1045 3905 llas.
1066 3847 1097 3896 in
1115 3861 1207 3919 marg·

7 3907 45 3965 ¹¹2
61 3923 138 3977 3129.
168 3923 247 3991 quod
276 3931 305 3976 et
333 3925 523 3980 coniecerunt
549 3923 640 3977 liban.
668 3921 748 3991 bips.
777 3925 850 3974 ltlur.
881 3919 964 3974 Acid.
987 3929 1016 3976 et
1034 3924 1209 3988 receperunt

41 4027 47 4038 ·
71 3993 117 4045 Ob.
144 3992 226 4049 Sceb.
256 3995 347 4049 Bekk.
376 3998 450 4050 Llin.
479 3998 562 4052 llert.
600 3997 716 4048 Munera
741 3995 839 4047 ornnia
859 4011 876 4046 a
895 3993 1008 4048 civibus
1027 3990 1208 4064 praestanda,

9 4058 136 4119 'earlicbe
161 4068 347 4139 Leistangen,
382 4073 530 4141 Aigaion,
558 4067 589 4121 h.
618 4069 638 4120 1.
667 4069 781 4120 tributa.
820 4067 936 4134 [Nonne
963 4075 991 4119 et
1012 4063 1210 4134 frumentum?

7 4127 34 4180 [¹¹-
50 4137 87 4190 ³d.
107 4139 183 4205 dnn,
206 4144 255 4206 12,
276 4141 334 4208 58]
371 4143 516 4198 dianerum
534 4145 718 4212 aequalitate,
738 4139 942 4192 distributione
961 4137 1094 4207 aequali,
1119 4153 1210 4203 aequa

7 4209 202 4280 llttttlditittni,
224 4213 477 4270 commoditatibus
495 4213 739 4282 facultatibusque
760 4211 889 4264 cuiusvis
914 4207 1142 4280 provincialium
1162 4225 1208 4259 ac·
1240 4223 1248 4262 ,¹

7 4285 170 4340 normodm.
219 4286 262 4340 Ea
285 4287 467 4356 pendebate
496 4305 592 4342 censu.
630 4285 687 4340 Sed
706 4283 777 4354 quid
796 4284 870 4338 iecit
887 4283 1014 4337 Verres?
1053 4282 1099 4335 Sic
1117 4298 1210 4334 census

7 4343 90 4411 b'illus
112 4367 154 4414 esi
179 4367 208 4412 te
225 4368 372 4430 praetore,
399 4369 431 4414 at
457 4367 487 4414 in
513 4381 544 4416 ea
570 4379 649 4413 censu
667 4361 770 4412 nullius
790 4359 915 4412 civitatis
934 4375 976 4410 res
994 4357 1105 4425 publica
1119 4359 1211 4422 posset
1242 4352 1243 4364 ¹

7 4423 184 4488 flairimant.
225 4431 301 4488 Nam
320 4435 532 4504 locupletissimi
550 4437 677 4504 cuiusque
696 4450 804 4486 censum
829 4436 1027 4491 extenuarant,
1054 4427 1212 4480 tenuissimi
