2904 4802
510 225 652 290 CAPUT
673 225 832 292 XXXIV.
1217 237 1280 300 139

63 396 165 457 alienis
188 394 432 476 experimentis,
455 397 510 456 cui
532 395 681 478 quotidie
702 395 849 460 audienti
872 407 968 462 notae
990 403 1087 487 leges,
1110 419 1175 462 non
1199 405 1277 466 nori
1374 397 1378 404 ’

62 477 200 540 indicum
222 477 346 551 vultus,
369 480 524 559 frequens
542 481 576 540 in
599 481 702 546 oculis
724 481 927 544 consuetudo
950 487 1158 565 concionum,
1181 505 1277 568 saepe

61 565 200 648 mgnitae
220 561 335 644 populi
356 581 475 640 aures,
507 565 577 626 sive
598 569 839 627 accusationem
863 577 1053 650 susceperat
1074 570 1145 630 sive
1167 567 1276 632 defen-

60 651 187 722 sionem,
210 646 300 706 solus
314 645 425 706 statim
441 656 475 708 et
496 668 583 708 unus
605 650 726 710 cuicun
751 670 793 710 ue
815 669 932 712 causae
953 659 1117 734 parerat.
1162 650 1276 714 Nono-

59 729 176 791 decimo
198 731 315 790 aetatis
336 747 423 790 anno
444 728 484 790 L.
509 727 648 792 Crassus
672 729 707 794 C.
728 671 931 813 barbonem,
964 753 1031 796 uno
1061 743 1095 796 et
1115 737 1275 820 vigesimo

60 813 169 874 Caesar
187 813 402 891 Dolabellam,
425 814 530 875 altero
553 824 586 874 et
606 816 641 878 vi
683 819 765 878 simo
786 817 921 878 Asinius
935 817 1038 880 Pollio
1061 815 1096 878 C.
1106 816 1275 898 Catonem,

60 917 113 956 non
141 895 251 957 multo
279 903 388 958 aetate
409 895 603 958 antecedens
648 899 748 962 alvus
776 899 951 961 Vatinium
996 904 1038 962 iis
1068 903 1275 964 orationibus

59 983 188 1042 insecuti
211 989 305 1050 sinit,
330 999 411 1062 quas
434 979 598 1064 hodieque
619 1001 694 1043 cum
716 981 935 1046 admiratione
958 987 1108 1070 legimus.

118 1103 141 1151 1.
183 1098 308 1150 imbutus
328 1099 387 1150 iam
405 1097 554 1152 domestica
573 1099 741 1168 disciplina,
767 1119 793 1153 v.
814 1101 850 1154 ed
869 1119 930 1171 cap.
951 1105 977 1156 2.
999 1121 1026 1156 n.
1046 1107 1073 1158 3.
1094 1132 1129 1142 -
1169 1103 1276 1158 deduce·

58 1175 128 1222 inter
146 1190 165 1222 es
179 1179 263 1241 putre
281 1171 324 1222 vel
340 1189 358 1221 a
374 1175 541 1240 propinquis
558 1174 597 1224 ad
613 1182 753 1226 oratorum
772 1175 905 1228 virumve
924 1175 1119 1244 primarium,
1140 1177 1189 1228 cui
1209 1193 1275 1230 eru·

57 1243 168 1306 diendus
188 1243 357 1296 tradebatur
375 1251 425 1296 aut
444 1252 525 1298 certe
551 1247 820 1308 columendabatur,
855 1255 887 1298 ut
915 1265 950 1301 ex
976 1249 1038 1300 eius
1067 1247 1275 1301 consuetudine

58 1317 191 1386 prolicere
209 1324 240 1369 et
259 1315 293 1368 ab
312 1331 345 1368 eo
365 1315 477 1370 discere
496 1325 600 1386 posset.
638 1319 683 1372 lta
702 1319 773 1372 Ern.
795 1319 867 1372 clav.
890 1319 950 1372 Cic.
971 1329 999 1373 et
1018 1317 1134 1372 Schulz.
1154 1321 1191 1374 sd
1208 1319 1238 1372 h.
1253 1321 1288 1378 1.,

22 1397 23 1400 ’
58 1389 115 1442 coll.
136 1388 201 1442 cic.
221 1389 302 1440 Brut.
323 1385 353 1456 §-
374 1391 436 1444 238.
457 1407 485 1458 p.
506 1388 585 1442 Coel.
605 1394 631 1446 1.
653 1391 687 1444 de
707 1393 791 1444 amic.
814 1398 838 1446 1.
860 1391 981 1457 Quintil.
1003 1397 1051 1456 lo,
1072 1397 1098 1458 5,
1120 1395 1162 1448 19.
1200 1393 1275 1460 „Adi

57 1461 142 1530 Spsld.
162 1462 203 1514 ad
222 1460 344 1527 Quintil.
364 1462 411 1514 Vl.
431 1479 563 1531 prooem.
583 1467 609 1517 3.
632 1472 660 1516 et
681 1467 730 1530 12,
751 1469 800 1530 11,
820 1467 866 1519 5.”
885 1467 936 1516 Dr.
974 1466 1147 1518 deducebitur
1165 1465 1208 1518 ed.
1227 1483 1273 1534 pr.

57 1545 78 1588 et
91 1534 179 1604 paulo
199 1535 420 1602 anteprobetnr
437 1536 674 1604 properabatur.
694 1565 731 1576 -
763 1541 813 1608 qui
831 1541 988 1607 principem
1007 1542 1095 1592 locum
1113 1543 1144 1592 in
1164 1541 1276 1590 ciuitate

56 1609 154 1659 tenebat
171 1607 239 1662 edd.
259 1623 357 1659 omnes
377 1614 443 1660 ente
459 1608 537 1661 Brot.
575 1614 625 1680 qui
640 1628 682 1677 pr.
704 1613 734 1664 in
753 1614 829 1664 civit.
851 1613 940 1664 lecum
959 1613 1098 1664 obtinebat
1117 1609 1193 1664 ltlSS.
1211 1611 1274 1662 Vat.

56 1681 107 1732 stt
125 1681 208 1732 Brot.
230 1679 293 1749 Bip.
314 1678 363 1732 Ob.
383 1680 420 1732 al.
459 1681 523 1733 Hoc
543 1682 718 1756 elegantius:
752 1685 792 1736 ita
820 1691 849 1736 et
872 1684 1002 1736 clausula
1020 1681 1182 1737 hexametri
1202 1682 1276 1734 vita·

57 1763 110 1817 turs
128 1753 200 1806 Em.
241 1751 297 1806 Sed
316 1751 490 1827 elegantiam
510 1751 588 1806 banc
606 1753 759 1808 tribuerim
779 1755 977 1819 emendatori,
1006 1765 1034 1810 et
1062 1772 1162 1809 versus
1190 1753 1277 1808 besa·

20 1871 21 1890 ,
57 1825 152 1890 metri,
173 1827 226 1880 vel
246 1825 371 1898 integri,
399 1825 448 1878 vel
466 1825 602 1893 discidii,
631 1828 743 1897 saepius
763 1828 954 1898 reperiuntur
972 1829 1003 1880 in
1022 1827 1116 1882 Taciti
1135 1827 1227 1879 libris.
1247 1845 1275 1880 v.

56 1899 109 1950 lud.
129 1899 185 1951 111.
205 1916 236 1950 r.
259 1897 357 1950 Versus
375 1895 533 1950 hexametri.
553 1927 590 1940 -
616 1900 795 1962 dictionibus,
814 1899 1012 1964 orationibus,
1033 1909 1066 1952 ut
1084 1918 1131 1969 ap.
1150 1899 1212 1952 Cic.
1232 1913 1274 1951 or.

57 1973 147 2032 1,15‚
167 1975 215 2027 61.
239 1976 271 2032 1,
290 1975 343 2034 33,
363 1973 425 2025 152.
454 1970 537 2024 Tusc.
555 1975 589 2036 2,
608 1978 634 2028 3.
655 1971 691 2028 de
711 1974 769 2026 inv.
790 1978 821 2040 1,
841 1975 867 2028 5.
895 1973 1018 2039 Quintil.
1038 1977 1069 2038 2,
1090 1977 1127 2034 2,
1147 1975 1173 2028 6.
1192 1975 1227 2034 2,
1247 1974 1276 2032 1,

55 2047 89 2096 21.
115 2061 192 2112 quse
222 2045 288 2096 loca
315 2044 373 2096 ism
400 2043 555 2096 laudarunt
573 2044 644 2098 Ern.
666 2045 740 2100 clav.
762 2046 822 2098 Cic.
843 2053 872 2099 et
891 2045 941 2098 Dr.
979 2045 1037 2100 Sed
1054 2046 1203 2098 dictionem
1221 2061 1275 2112 pro

55 2120 174 2170 oratione
195 2116 272 2181 dici,
291 2116 400 2169 Fronto
417 2133 446 2185 p.
468 2119 529 2172 117.
550 2117 594 2172 ed.
614 2118 695 2171 Rom.
716 2117 824 2171 acriter
842 2117 1048 2188 reprehendit,
1072 2119 1142 2172 Oret.
1162 2143 1198 2156 -
1223 2123 1277 2170 sine

19 2195 20 2258 l
55 2191 209 2244 iniustitiis
227 2217 264 2230 -
282 2195 429 2242 interesses
462 2187 534 2243 haec
558 2191 646 2244 verba
671 2192 777 2244 omissa
805 2191 836 2244 in
860 2189 923 2244 edd.
949 2197 1006 2244 vet.
1027 2197 1056 2244 et
1075 2209 1090 2244 e
1110 2207 1135 2242 c.
1155 2189 1240 2242 Facu.
1261 2209 1277 2241 a

19 2267 20 2292 ³
56 2263 143 2331 bipsio
164 2263 276 2316 inserta
295 2270 371 2314 sunt.
410 2261 508 2316 Facile
533 2262 620 2316 etiam
647 2263 781 2316 excidere
807 2270 942 2333 poterant
969 2264 1047 2316 inter
1066 2263 1174 2332 duplex
1192 2266 1277 2316 inter-

55 2355 116 2388 esse:
145 2333 239 2388 buius
263 2351 334 2388 vero
363 2333 499 2403 repetitio
525 2351 584 2388 non
608 2335 695 2388 facile
721 2334 749 2388 h.
777 2336 797 2389 l.
825 2335 1038 2405 concoquenda.
1077 2335 1153 2386 Hinc
1173 2321 1276 2405 iurgiis

18 2453 19 2476 ,
56 2414 199 2462 immisceri
225 2423 304 2461 corr.
328 2407 406 2460 Brot.
433 2415 462 2460 et
481 2412 540 2460 enci
573 2417 614 2459 ret
632 2416 659 2460 et
678 2413 779 2478 iurgiis
798 2413 957 2468 interesset,
987 2417 1069 2478 utque
1094 2414 1134 2462 sic
1159 2409 1276 2462 deserina

54 2499 173 2553 pugnare
192 2486 223 2534 in
241 2483 349 2549 proelio
367 2480 482 2534 disceret
500 2480 539 2534 Be
583 2520 590 2534 .
628 2482 716 2546 „Non
736 2481 825 2535 male:
854 2481 905 2534 sed
929 2498 1068 2556 magnum
1087 2479 1191 2532 vitium
1212 2496 1276 2532 ors·

18 2555 19 2602 l
56 2556 120 2606 ttoni
139 2553 260 2617 incultu
289 2554 397 2607 etenim
419 2552 536 2606 deberet
555 2570 615 2608 esse
634 2561 731 2623 utque,
751 2562 783 2606 ut
800 2559 839 2606 sic
857 2555 991 2614 dixerim,
1010 2571 1099 2621 quum
1117 2560 1199 2622 utque
1218 2569 1277 2604 rna·

18 2635 19 2638 ’
55 2629 150 2680 nbssto
169 2626 318 2697 pertineat
338 2625 475 2680 duntaxat
494 2626 529 2678 ad
546 2629 589 2680 sic
606 2626 737 2688 dixerim
768 2642 826 2678 non
849 2626 886 2678 ad
909 2625 1035 2688 disceret,
1067 2641 1153 2677 neruo
1179 2632 1276 2678 autem

18 2713 19 2722 ¹
56 2700 192 2754 scriberet
209 2706 252 2753 ite
270 2707 303 2751 ut
319 2704 534 2758 -interesset,
562 2716 692 2770 pugnare
718 2703 748 2752 in
773 2702 882 2769 proelio
900 2697 1039 2751 disceret.''
1071 2697 1141 2750 Oret.
1180 2697 1275 2750 lsnme

55 2783 128 2843 etque
152 2779 195 2827 sic
220 2773 336 2824 dixerim
356 2769 456 2824 estid.
477 2771 526 2840 qd.
557 2781 602 2834 et,
628 2779 660 2825 ui
678 2776 718 2826 sic
735 2773 851 2825 dixerim
871 2778 899 2824 et
917 2769 974 2824 hoc
992 2788 1046 2840 pro
1065 2778 1105 2830 et,
1125 2778 1155 2820 ut
1175 2772 1218 2821 itu
1236 2769 1278 2820 di·

55 2865 117 2900 mm.
138 2865 166 2898 v.
187 2845 226 2898 sd
244 2844 314 2918 Agr.
334 2848 359 2900 3.
380 2862 408 2896 n.
427 2845 453 2898 5.
473 2852 501 2898 et
519 2849 546 2900 6.
593 2847 745 2914 „Excipere
763 2847 971 2906 altercationes,
999 2851 1031 2896 ut
1051 2860 1112 2912 cap.
1132 2845 1176 2898 37.
1198 2845 1276 2902 ictus,

18 2915 19 2984 l
57 2920 211 2972 rectissime
231 2917 362 2982 dicitur,
382 2914 401 2970 i.
423 2934 446 2970 e.
468 2916 519 2969 ubi
538 2919 603 2987 quis
622 2917 791 2971 altercando
810 2926 839 2972 te
858 2916 1039 2982 lacessierit,
1068 2915 1096 2968 ei
1115 2915 1179 2985 pari
1198 2913 1277 2966 dica·

57 2993 133 3046 nitate
161 2989 339 3060 respondere
363 3007 396 3042 ac
421 2989 540 3043 sortiter
563 2991 711 3052 resistere;
746 2990 785 3058 (v.
812 2990 849 3042 ad
867 2989 902 3042 tt.
923 2994 960 3055 3,
978 2993 1030 3054 32,
1049 2991 1090 3056 6.)
1120 3003 1179 3039 non
1207 2987 1277 3038 item

57 3071 127 3118 recte
146 3063 260 3116 dicitur
285 3066 388 3133 iurgiis
412 3067 542 3116 interesse
566 3079 599 3116 eo
625 3063 808 3140 significatu,
841 3061 892 3129 qui
915 3060 964 3113 bic
989 3061 1075 3114 unice
1104 3059 1275 3127 requiritur.

56 3137 157 3208 iurgiis
177 3135 255 3190 enim
275 3139 405 3190 interesse
423 3135 526 3188 tacitus
546 3153 661 3205 quoque
680 3154 714 3201 ac
733 3135 914 3205 tranquillus
929 3150 1063 3204 possum:
1091 3126 1207 3186 sedhic
1227 3131 1276 3184 de·

57 3211 208 3263 sideramus
233 3208 375 3273 verbum,
413 3207 491 3276 quod
516 3209 688 3280 respondeat
712 3208 807 3262 verbis
832 3214 950 3276 excipere
974 3215 1004 3260 et
1027 3224 1171 3276 pugnare,
1203 3203 1224 3256 i.
1251 3221 1276 3256 e.

58 3284 145 3352 ipsum
165 3285 296 3352 inm-uri,
315 3281 365 3335 sed
383 3281 552 3348 exquisitius
572 3297 749 3350 expressum.
787 3281 800 3334 1
824 3281 885 3332 itur
903 3279 1104 3342 scribendum:
1124 3283 1167 3330 ite
1186 3285 1218 3328 ut
1236 3279 1278 3328 al·

58 3365 115 3410 tere.
140 3375 167 3427 q.
196 3359 316 3424 excipere
338 3362 366 3408 et
394 3358 497 3424 iurgiis
515 3373 543 3408 se
562 3357 693 3414 inserere,
721 3361 768 3419 (ut
814 3355 875 3418 .2,
896 3353 954 3416 19.)
981 3360 1062 3422 utque
1080 3378 1116 3390 -
1134 3346 1276 3403 disceret.''

60 3431 125 3482 Orel.
164 3428 270 3493 Recte,
300 3427 420 3496 opinor3
453 3425 503 3480 sed
528 3427 649 3497 propius
668 3427 704 3480 ad
722 3427 878 3479 literarum
898 3424 1016 3476 ductum
1036 3421 1192 3498 legendum
1212 3438 1276 3475 cre·

59 3503 177 3556 diderim
202 3510 228 3553 et
252 3503 355 3572 iurgiis
378 3505 495 3553 inserere
518 3517 554 3554 se.
592 3499 725 3554 Alterum
755 3501 882 3552 interesse
910 3496 1101 3548 librariorum
1129 3491 1276 3547 socordiae

59 3575 151 3628 deberi
169 3582 254 3644 putat
272 3572 384 3628 Peerlk.
406 3570 455 3640 (de
474 3587 533 3640 quo
551 3591 578 3625 v.
597 3572 634 3624 ad
653 3590 677 3624 c.
699 3577 724 3626 1.
744 3589 772 3623 n.
792 3573 833 3636 1.)
861 3579 889 3624 et
913 3569 1000 3623 verba
1027 3569 1070 3622 sic
1099 3565 1277 3620 emendanda

60 3665 124 3701 esse:
161 3655 192 3700 nt
218 3649 414 3700 altercationes
436 3663 540 3715 quoqne
565 3649 698 3714 exciperet
715 3652 741 3697 et
759 3647 871 3715 iurgia,
905 3651 986 3712 utque
1012 3646 1052 3693 sic
1076 3639 1196 3692 dixerim
1221 3645 1275 3692 cet.

60 3721 208 3774 Attereetin
233 3727 276 3774 est
303 3718 459 3790 disputatio
482 3725 615 3770 actorum
641 3719 673 3771 in
699 3725 801 3770 senatu
820 3723 869 3768 aut
888 3714 1015 3780 iudicio,
1049 3730 1122 3782 quae
1151 3713 1276 3766 interro·

60 3794 203 3918 11ἀοᾰέ
229 3791 760 3918 accesssit.scusisti·
779 3783 1276 3916 11111111111111·
1342 3859 1344 3866 ·

61 3885 279 3919 cv..1
895 3894 1275 3922 .,.‚..

64 3944 131 4004 1,2.
152 3927 272 4002 Quintil.
290 3940 326 4000 2,
345 3941 379 3995 1.
398 3937 442 3992 28.
468 3936 531 3999 (ubi
550 3953 578 3988 v.
598 3935 712 4005 Spald.)
731 3939 820 4000 6,1,
842 3939 912 4003 lsq.
941 3932 1070 3986 Budaeus
1089 3931 1125 3984 ad
1143 3929 1276 3982 Pandect.

62 4029 86 4080 p.
102 4031 138 4064 m.
157 4013 202 4064 18.
223 4010 322 4064 Germ.
345 4008 557 4064 Wecbselreden:
577 4009 652 4064 unde
671 4014 786 4080 turgius
808 4007 893 4060 Weii.
913 4033 949 4046 -
982 4005 1098 4058 disceret
1116 4003 1178 4057 edd.
1199 4001 1276 4070 Spir.

64 4085 116 4136 l’ut.
135 4083 198 4136 Riv.
219 4083 283 4136 Ber.
304 4081 395 4136 Rben.
410 4087 434 4136 1.
455 4081 537 4152 Lips·
556 4089 585 4134 et
603 4099 662 4134 rec.
681 4081 781 4135 discere
801 4077 892 4132 libers.
912 4081 938 4134 2.
958 4082 985 4134 3.
1004 4075 1069 4130 Ald.
1089 4075 1192 4128 Franc.
1215 4071 1276 4126 Col.

126 4159 152 4212 2
188 4160 311 4227 Magnus
329 4155 509 4208 abscessus
527 4153 590 4208 edd.
611 4153 702 4207 Rhen.
722 4155 748 4208 2.
769 4160 797 4208 et
817 4170 874 4209 rec.
911 4153 1023 4222 Magnis
1041 4150 1157 4219 primae
1172 4145 1279 4200 edd.-

64 4234 90 4280 in
107 4229 192 4282 indm
211 4231 283 4290 luce,
304 4227 335 4280 in
352 4229 418 4282 foro
439 4236 467 4281 et
486 4226 619 4292 iudiciis,
640 4226 689 4278 ubi
709 4244 778 4280 vera
797 4234 840 4280 est
859 4225 1026 4278 contentio:
1051 4237 1124 4290 quae
1143 4223 1191 4274 lus
1208 4221 1280 4302 ium·

65 4302 133 4364 brae,
152 4305 196 4364 ut)
216 4300 371 4354 umbratili
396 4299 549 4355 rhetorum
573 4299 773 4352 exercitationi
803 4307 832 4351 st
855 4297 975 4351 secretis
1000 4293 1103 4346 studiis
1122 4311 1138 4346 a
1157 4289 1289 4358 Quintil..

66 4379 109 4439 12,
126 4379 162 4440 2,
182 4380 208 4431 1.
228 4382 257 4428 et
277 4376 331 4439 12,
349 4377 382 4438 8,
402 4378 428 4428 1.
449 4372 627 4444 opponitur-3
647 4371 752 4426 Sebulz.
790 4369 837 4425 Sic
858 4371 918 4426 cic.
938 4370 972 4424 de
993 4365 1079 4422 claris
1099 4374 1170 4420 orat.
1190 4365 1277 4432 8,.12.
