2770 4792
172 201 234 266 ιοι
338 197 344 208 ·
530 193 706 258 niumm
729 193 787 262 un
810 193 1048 286 naumann

172 372 207 432 in
239 366 367 451 sagittis
399 383 493 447 spes,
523 383 605 445 quas
636 365 749 446 inopia
779 363 862 425 ferri
884 363 1013 424 ossibus
1034 371 1201 446 asperent.
1243 359 1376 445 Idemque

171 459 310 514 venatus
339 450 431 510 viros
453 447 580 530 pariter
611 455 644 509 et
665 448 803 509 feminas
824 447 903 507 alit:
945 447 1067 530 passim
1089 445 1176 507 enim
1199 448 1376 507 comitantur

172 543 365 620 partemque
393 529 535 614 praedae
565 540 694 616 petunt.
744 527 817 592 Nee
843 527 934 592 aliud
964 529 1147 590 infantibus
1167 531 1307 590 ferarum
1327 533 1377 588 im-

173 621 349 699 briumque
382 615 581 698 suffirginm,
612 634 711 698 quam
738 616 833 674 utin
854 613 965 696 aliquo
987 631 1158 675 ramorum
1179 631 1264 674 nexu
1283 621 1383 690 conte,

172 709 306 849 gantur.
349 697 428 759 Huc
459 695 600 760 redeunt
628 701 785 776 iuvenes,
813 698 876 758 hoc
898 717 1014 758 senum
1035 697 1285 780 receptaculum.
1324 693 1383 768 Sed]

194 787 298 850 eatius
320 783 547 859 arbitrantur,
579 801 677 863 quam
706 784 874 866 ingemere
901 781 1008 866 agris,
1037 779 1214 842 illaborare
1235 777 1379 858 domibus,

173 890 249 932 snas
270 869 459 946 alienasque
481 867 631 926 fortunas
652 885 711 948 spe
731 873 888 946 metuque
909 883 1054 927 versare.
1097 860 1215 926 Securi
1236 861 1383 934 adversust

173 953 339 1028 homines,
362 949 471 1011 securi
492 945 653 1010 adversus
675 945 772 1025 deos,
803 967 875 1010 rem
896 946 1124 1010 difficillimam
1145 949 1282 1010 assecuti
1303 956 1383 1025 sunt.

172 1046 210 1098 ut
230 1036 295 1096 illis
317 1054 359 1094 ne
379 1039 458 1098 voto
479 1029 613 1112 quidem
633 1049 718 1114 opus
739 1033 792 1092 sit.
1382 1039 1383 1058 ¹

256 1115 374 1180 Cetera
402 1115 468 1174 iam
497 1115 665 1178 fabulosa:
708 1113 876 1177 Hellusios
905 1123 938 1176 et
967 1113 1111 1178 Oxionas
1141 1133 1201 1176 ora
1228 1115 1383 1177 hominum

171 1203 367 1286 vultusque,
404 1216 546 1280 corpora
573 1207 672 1280 atque
699 1207 794 1260 artus
816 1203 964 1261 ferarum
985 1219 1122 1284 gerere3
1151 1197 1240 1282 quod
1259 1219 1335 1283 ego,
1355 1207 1383 1262 ut

172 1288 435 1370 incompertum,
459 1283 494 1342 in
514 1279 661 1346 medium
682 1283 878 1366 relinquam.

243 1425 268 1476 1.
309 1419 489 1476 Peucinorum
519 1417 735 1491 Veneriorumque
761 1425 788 1471 et
814 1418 972 1472 Fennorum
992 1416 1041 1486 (ci.
1062 1417 1097 1470 ad
1116 1433 1177 1488 cap.
1198 1422 1223 1472 1.
1243 1435 1269 1472 n.
1289 1419 1327 1488 1.)
1347 1439 1383 1470 nn

173 1497 277 1560 tiones,
302 1494 337 1548 ad
361 1491 502 1548 orientale
526 1491 596 1546 litus
623 1493 767 1558 vistulae,
793 1491 952 1545 terminum
977 1490 1154 1544 Germaniae
1183 1490 1219 1543 ad
1243 1491 1383 1558 orientem,

173 1567 340 1652 longissime
365 1565 446 1620 inter
470 1564 613 1620 Samnatas
638 1583 729 1634 usque
756 1563 792 1617 ad
819 1563 892 1618 ostia
917 1561 1043 1616 Danubii
1062 1571 1091 1616 et
1108 1563 1254 1616 Euxinum
1272 1563 1383 1626 Pontnul

172 1637 349 1706 habitantes,
368 1647 431 1692 tum
451 1640 612 1699 Germanis,
632 1643 694 1690 tum
713 1639 852 1691 Sarmatis
870 1635 1046 1708 Europaeis,
1074 1637 1113 1705 (v.
1132 1636 1169 1709 ad
1186 1637 1257 1688 Ano.
1279 1640 1313 1691 12
1349 1631 1383 1708 til

172 1715 197 1768 a.
219 1721 247 1766 et
265 1711 350 1767 Beck.
377 1711 409 1765 T.
430 1711 469 1765 ll.
488 1729 516 1782 p.
537 1715 599 1766 127.
620 1713 694 1777 128.)
720 1709 837 1781 populis
866 1711 1069 1776 conterminis,
1089 1709 1278 1763 adscribendae
1297 1711 1383 1762 videm

172 1795 229 1839 tur.
267 1785 403 1851 Tacitus,
423 1784 474 1854 qui
492 1785 525 1838 ab
545 1792 641 1838 austro
662 1784 697 1836 ad
716 1783 944 1854 septentrionem
963 1799 1132 1858 progressus
1157 1791 1199 1836 est
1223 1791 1251 1836 et
1269 1775 1383 1836 Vistula

173 1877 226 1913 noc
248 1857 278 1912 h.
308 1859 329 1912 l.
353 1875 407 1911 nec
430 1857 501 1910 alibi
525 1857 702 1911 mentionem
733 1856 819 1923 fecit,¹
850 1863 909 1909 tres
933 1863 1044 1908 tantum
1072 1856 1201 1910 nationes
1225 1855 1383 1909 Germanial

171 1931 424 1986 Transvistulanae
443 1930 632 1996 memoravit,
659 1929 762 1998 quibus
785 1929 872 1982 adiun
894 1935 984 1982 untur
1012 1929 1139 1982 aPlinio
1158 1933 1190 1992 1,
1211 1933 1254 1985 13.
1273 1931 1350 1982 Ptol.

171 2007 197 2060 5.
218 2005 333 2058 Zosimo
357 2009 388 2070 1,
406 2004 450 2058 27.
471 2009 499 2055 et
517 2003 581 2056 aliis
601 2001 692 2068 Sciri,
717 2002 813 2069 Hirri,
840 1947 959 2068 vidiae,
985 2001 1084 2068 Hosii,
1112 2001 1273 2074 Carbones,
1299 1997 1383 2074 Carpi

172 2077 277 2130 Dorani
295 2076 414 2145 aliique.
453 2073 495 2128 cf.
524 2075 560 2128 ad
588 2092 651 2144 cap.
679 2079 705 2130 1.
725 2093 754 2129 n.
775 2079 800 2130 1.
838 2075 979 2140 „Peucini
997 2075 1027 2126 in
1046 2074 1165 2128 Polonia
1182 2073 1249 2126 mal.
1270 2083 1300 2126 et
1321 2075 1383 2132 occi

173 2149 266 2214 dent,
286 2149 365 2202 inter
382 2145 538 2204 Wartham
559 2155 587 2202 et
604 2148 748 2200 Vistulam
767 2165 858 2215 usque
877 2147 913 2199 ad
931 2147 1097 2200 Piliczam.'’
1116 2167 1139 2200 u.
1163 2143 1284 2200 Wersebc
1303 2165 1331 2217 p.
1347 2141 1383 2201 all

141 2263 147 2272 .
173 2251 208 2262 —
223 2225 286 2278 2i9.
325 2221 517 2274 Peuccinorum
535 2249 571 2261 -
590 2219 718 2274 Peuccini
737 2249 769 2262 -
790 2219 920 2273 Peucinos
945 2221 1007 2273 Par.
1033 2247 1069 2259 -
1108 2219 1346 2290 Veneriorumque,
1376 2239 1383 2276 t

173 2302 241 2347 nota
258 2297 284 2348 1.
303 2323 340 2334 -
375 2293 532 2348 Fennorum
549 2307 604 2364 pro
624 2300 651 2345 et
668 2293 825 2347 Fennorum
851 2293 894 2346 ed.
915 2293 990 2344 bion.
1017 2291 1108 2346 Ilhen.
1135 2294 1204 2346 enin.
1232 2293 1383 2356 Fennornn

173 2374 205 2418 ut
223 2383 291 2420 mox
310 2366 467 2438 Fennosque
487 2373 515 2419 et
533 2365 656 2426 Fennis,
684 2365 739 2420 MS.
760 2365 830 2418 Tur.
861 2365 903 2419 ed.
930 2367 1001 2419 Nor.
1025 2365 1108 2420 Rom.
1139 2365 1204 2419 Ber.
1224 2363 1318 2418 Rhen.
1341 2365 1383 2422 ret

173 2444 264 2496 Φίιιοι
281 2441 354 2494 Ptol.
373 2445 406 2504 3,
427 2441 452 2496 5.
490 2439 533 2494 De
552 2437 599 2492 his
618 2457 645 2492 v.
666 2447 735 2493 nota
753 2441 777 2492 5.
816 2439 975 2491 Femiorum
994 2439 1038 2492 ed.
1059 2455 1104 2510 pr.
1125 2441 1185 2491 Pnt.
1205 2439 1296 2513 Pogg.
1308 2437 1383 2500 illusa

173 2515 247 2566 Mon.
267 2513 349 2567 Vien.
369 2511 459 2567 liban.
481 2517 505 2568 1.
543 2509 600 2566 Sed
618 2511 730 2566 deinde·
738 2512 896 2582 Femiosque
919 2519 949 2565 et
965 2511 1069 2565 Fennis
1087 2509 1176 2565 lihon.
1199 2517 1223 2565 1.
1243 2519 1273 2566 et
1294 2501 1383 2564 uninol

172 2587 331 2658 Femiosque
350 2593 379 2640 et
396 2585 501 2640 Femiis
519 2583 608 2662 Rhag.
629 2593 658 2639 et
677 2587 751 2638 Mon.
770 2613 806 2624 —
827 2584 986 2638 Sarmctbis
1005 2591 1033 2638 et
1051 2600 1119 2638 mox
1140 2583 1359 2638 Sarmaticarum
1381 2579 1383 2634 l

173 2657 242 2712 Tur.
263 2659 307 2713 ed.
327 2677 371 2729 pr.
392 2659 463 2713 Nor.
483 2661 570 2734 Pogg.
590 2665 624 2710 ut
642 2676 704 2728 cap.
728 2661 771 2714 17.
808 2657 845 2710 As
864 2675 926 2729 cap.
948 2663 971 2712 1.
1012 2659 1150 2712 Sarmatia
1174 2657 1216 2711 ed.
1236 2659 1328 2733 Pogg.
1382 2729 1383 2732 Ἴ

243 2771 270 2825 2.
310 2768 432 2828 Peucini,
451 2775 577 2822 Hsoutuos
602 2767 674 2821 Ptol.
696 2769 799 2822 Πεῦιιοιι
817 2766 923 2822 zosim.
945 2769 1043 2832 1,12.
1082 2765 1196 2820 Peuceni
1213 2767 1360 2820 lornand.
1382 2791 1383 2810 ι

174 2841 253 2912 Peuci
269 2841 411 2894 Ammian.
431 2843 517 2893 Marc.
536 2841 588 2904 22,
605 2842 642 2905 8,
661 2843 705 2895 13.
726 2857 766 2880 -·
780 2857 847 2912 quos
870 2841 982 2911 quidam
1007 2840 1161 2894 Bastarnas
1179 2847 1298 2904 uocant,-
1318 2840 1383 2896 alii]

172 2914 316 2968 bastarnia
336 2913 464 2967 diversos
482 2912 570 2966 fuisse
588 2919 744 2981 putarunt,
764 2912 814 2966 sed
831 2920 945 2982 partem
965 2929 1066 2966 eorum
1092 2913 1125 2966 ab
1155 2921 1300 2984 occupata
1321 2913 1383 2972 Peri

88 3001 89 3004 ’
172 2985 201 3039 h.
222 3003 246 3039 e.
266 2985 395 3054 pinifera
413 2985 507 3036 insula
524 2984 603 3037 inter
621 2985 693 3048 ostia
712 2984 838 3039 Danubii
857 2986 910 3038 sita
935 2988 976 3050 (v.
991 2983 1147 3056 Appollon.
1166 2984 1258 3039 Rhod.
1281 2989 1311 3050 1,
1326 2991 1383 3060 303

173 3059 215 3112 sic
234 3057 342 3110 dictam
361 3055 462 3111 Strabo
481 3060 508 3122 7,
526 3058 553 3124 2,
574 3059 617 3112 17.
638 3059 665 3111 ἐι
683 3057 712 3112 di
731 3059 764 3126 τῇ
780 3064 914 3130 μεσογαίᾳ
931 3057 1087 3132 Βοσπόριαι
1104 3064 1152 3126 μὲν
1168 3068 1225 3132 τοῖς
1245 3063 1383 3130 munnam

172 3131 268 3202 ὅμοροι
295 3137 352 3184 uel·
370 3135 531 3200 Γερμανοῖς,
559 3125 657 3196 exedris
683 3151 709 3184 τι
726 3137 772 3185 uui
800 3130 876 3186 αὐτοὶ
894 3133 942 3187 τοῦ
962 3134 1128 3205 ἢρμαιικοῦ
1144 3133 1237 3202 γένους
1253 3131 1356 3195 ὄψιες,
1379 3151 1383 3190 l

172 3207 254 3260 nieles
272 3200 349 3274 ,aaa
367 3203 534 3291 διῃρημένοι·
554 3209 599 3257 nul
616 3201 671 3276 ysip
686 3201 806 3274 Ἆιμοιοι
824 3207 947 3276 idyortui
964 3225 1031 3269 τινος
1048 3211 1093 3260 sal
1111 3201 1238 3268 Σιδόνες,
1259 3211 1289 3258 oi
1309 3206 1345 3260 δὲ·
1369 3225 1383 3264 a

172 3273 279 3342 Heium
297 3296 478 3342 παιασχοιιες
499 3275 547 3342 τὴν
570 3279 597 3330 iu
616 3277 651 3347 τῷ
668 3273 762 3351 Ἴστρῳ
790 3279 871 3344 νῆσοι
898 3283 1031 3333 Πιυκιιοί.
1068 3277 1128 3330 Alii
1153 3277 1269 3330 snalnnt
1296 3295 1383 3332 nonu

172 3367 314 3404 arcessere
332 3367 349 3402 a
368 3349 449 3402 Peuce
467 3357 567 3404 monte
585 3365 672 3419 snpra
690 3349 797 3417 Dacos,
825 3350 903 3403 iuxta
922 3367 1009 3420 quem
1035 3349 1176 3404 habitasse
1195 3350 1271 3404 Ptol.
1295 3353 1383 3408 tradi

171 3425 233 3494 Rip.
270 3423 425 3477 Bastarnae
443 3441 459 3475 a
477 3421 602 3476 lontibus
620 3421 750 3477 Vistulae
768 3423 805 3476 ad
824 3423 960 3493 Carpates
978 3431 1099 3490 montes,
1119 3425 1199 3476 inter
1212 3423 1383 3482 Gennania

171 3497 400 3565 samnatiamque
420 3495 507 3560 sitos,
527 3495 579 3564 qui
605 3495 638 3548 ab
664 3494 724 3548 illis
743 3495 923 3550 Bastarnicae
942 3495 1029 3565 Alpes
1049 3495 1240 3562 vocabantur,
1269 3495 1313 3565 (v.
1344 3499 1383 3558 T,

171 3570 302 3642 Peuting.
313 3567 467 3654 Segimv.)
481 3576 510 3622 et
530 3567 565 3621 ad
584 3567 698 3622 boreale
711 3565 899 3622 'sinistramve
907 3569 1030 3621 Danubii
1048 3569 1144 3638 ripam
1161 3585 1253 3638 usqne
1274 3569 1316 3622 ad
1343 3571 1383 3630 os

171 3641 257 3695 huius
275 3643 359 3693 fluvia
384 3649 412 3695 et
435 3643 556 3694 Pontum
582 3640 747 3707 Euxinum,
777 3641 808 3693 in
826 3640 892 3694 hod.
912 3641 1144 3706 Transeilvania,
1164 3641 1303 3708 Galieia,
1329 3645 1383 3700 Hu

192 3715 260 3779 aria,
281 3714 439 3780 bleldavia,
458 3711 625 3769 Wallachia
645 3721 674 3766 et
690 3713 855 3767 Bessarabia
874 3713 1016 3767 habitasse
1035 3713 1187 3782 videntur,
1208 3712 1259 3783 (cf.
1283 3705 1383 3774 Dioni

170 3734 282 3861 Perieg.
303 3803 330 3838 v.
350 3787 426 3856 331.)
446 3793 475 3839 et
496 3787 636 3840 Sarmatis
654 3793 703 3839 aut
723 3787 831 3859 Scythis
849 3786 1053 3839 adscribuntur
1070 3803 1086 3838 a
1104 3787 1177 3840 Ptol.
1196 3791 1231 3853 3,
1251 3789 1290 3852 5,
1313 3793 1383 3846 lo.

173 3860 266 3914 Dione
285 3861 338 3923 38,
367 3865 410 3914 1⁰.
437 3861 491 3926 51,
517 3861 562 3916 23.
601 3859 748 3914 &manis
773 3859 881 3914 rectius
905 3877 921 3912 a
946 3857 1039 3912 Strab.
1068 3858 1088 3912 l.
1115 3859 1358 3928 letenna,
1382 3865 1383 3922 l

172 3933 294 4000 (Quinta
315 3949 387 4000 pars
412 3931 621 3987 Gennanorum
642 3933 772 3994 Peucini,
797 3933 967 3993 Bastarnas,
992 3935 1164 3986 contermini
1180 3934 1288 4000 Dacis)
1382 3995 1383 3998 Ἴ

172 4005 207 4059 ab
225 4003 358 4075 Appiano
377 4004 484 4061 Maced.
505 4009 540 4072 9,
564 4011 589 4060 1.
611 4009 661 4071 16,
681 4011 707 4062 1.
726 4011 752 4064 2
792 4005 882 4060 Celtis
901 4003 1036 4058 s.=Gallis
1056 4012 1085 4058 et
1103 4003 1214 4060 Galatis
1232 4024 1250 4058 a
1272 4007 1360 4062 Liv.
1382 4047 1383 4070 1

171 4081 214 4134 17.
233 4082 287 4144 11,
306 4081 350 4134 26.
390 4078 516 4133 Diodoro
543 4077 613 4132 Exc.
640 4081 762 4133 Peiresc.
781 4095 810 4150 p.
830 4082 892 4135 313.
912 4076 1011 4147 Polyb.
1029 4080 1081 4144 23,
1103 4081 1128 4134 9.
1149 4085 1179 4132 et
1195 4077 1275 4132 Plnt
1299 4080 1383 4142 Aen

173 4151 249 4204 Paul.
270 4155 296 4208 9.
318 4155 360 4207 lo.
380 4153 424 4208 12.
444 4151 548 4222 quibus
568 4168 670 4204 verum
697 4151 774 4206 inter
794 4150 894 4204 Gallos
914 4149 1130 4219 Gemnanosque
1148 4149 1320 4206 discrimen
1351 4169 1383 4214 ιι

173 4223 241 4277 dum
260 4225 435 4280 innotuerat.
473 4224 590 4294 Saepius
610 4225 727 4293 quidem
747 4241 812 4277 cum
832 4223 925 4286 Boiis,
944 4222 1109 4289 Taurinis,
1138 4221 1307 4279 Scordiscis
1345 4231 1383 4286 al

175 4313 230 4364 que
258 4297 352 4351 Gallis
375 4315 456 4351 arma
483 4297 653 4363 iunxerunt,
679 4297 809 4368 primum
841 4315 865 4349 a.
886 4294 938 4348 ch.
959 4295 1222 4353 n.179.adversos
1242 4298 1383 4360 Darda,

176 4367 218 4436 (in
238 4369 337 4424 Servis
354 4379 382 4425 et
400 4368 516 4438 Bosnia)
535 4369 621 4422 acciti
638 4389 653 4422 a
672 4371 811 4441 Philippo
830 4370 869 4424 ll.
890 4377 920 4422 et
937 4369 1054 4436 Perseo,
1074 4367 1178 4425 deinde
1196 4370 1383 4432 adversus*
