<?xml version="1.0" encoding="UTF-8"?>
<!DOCTYPE html PUBLIC "-//W3C//DTD XHTML 1.0 Transitional//EN"
    "http://www.w3.org/TR/xhtml1/DTD/xhtml1-transitional.dtd">
<html xmlns="http://www.w3.org/1999/xhtml" xml:lang="en" lang="en">
 <head>
  <title>
</title>
<meta http-equiv="Content-Type" content="text/html;charset=utf-8" />
  <meta name='ocr-system' content='tesseract 3.04.00' />
  <meta name='ocr-capabilities' content='ocr_page ocr_carea ocr_par ocr_line ocrx_word'/>
</head>
<body>
  <div class='ocr_page' id='page_1' title='image "./ccorneliitaciti27tacigoog/ccorneliitaciti27tacigoog_0463.png"; bbox 0 0 2904 4802; ppageno 0'>
   <div class='ocr_carea' id='block_1_1' title="bbox 451 137 467 168">
    <p class='ocr_par' dir='ltr' id='par_1_1' title="bbox 451 137 467 168">
     <span class='ocr_line' id='line_1_1' title="bbox 451 137 467 168; baseline 0 0"><span class='ocrx_word' id='word_1_1' title='bbox 451 137 467 168; x_wconf 68' lang='lat' dir='ltr'><em>d</em></span> 
     </span>
    </p>
   </div>
   <div class='ocr_carea' id='block_1_2' title="bbox 193 214 1117 298">
    <p class='ocr_par' dir='ltr' id='par_1_2' title="bbox 193 214 1117 298">
     <span class='ocr_line' id='line_1_2' title="bbox 193 214 1117 298; baseline -0.014 -7"><span class='ocrx_word' id='word_1_2' title='bbox 193 226 256 298; x_wconf 70' lang='lat' dir='ltr'><strong><em>ibi</em></strong></span> <span class='ocrx_word' id='word_1_3' title='bbox 505 215 729 284; x_wconf 77' lang='lat' dir='ltr'><strong>DIALOGUS</strong></span> <span class='ocrx_word' id='word_1_4' title='bbox 751 217 809 280; x_wconf 85' lang='lat' dir='ltr'><strong><em>DE</em></strong></span> <span class='ocrx_word' id='word_1_5' title='bbox 831 214 1117 281; x_wconf 72' lang='lat' dir='ltr'>ORATORIBUS.</span> 
     </span>
    </p>
   </div>
   <div class='ocr_carea' id='block_1_3' title="bbox 167 381 1421 819">
    <p class='ocr_par' dir='ltr' id='par_1_3' title="bbox 167 381 1419 478">
     <span class='ocr_line' id='line_1_3' title="bbox 167 381 1419 478; baseline -0.005 -35"><span class='ocrx_word' id='word_1_6' title='bbox 167 464 169 468; x_wconf 23' lang='grc' dir='ltr'>Ι</span> <span class='ocrx_word' id='word_1_7' title='bbox 197 395 289 478; x_wconf 75' lang='lat' dir='ltr'><strong><em>magis</em></strong></span> <span class='ocrx_word' id='word_1_8' title='bbox 306 405 348 442; x_wconf 86' lang='lat' dir='ltr'><strong><em>mc</em></strong></span> <span class='ocrx_word' id='word_1_9' title='bbox 365 387 537 457; x_wconf 81' lang='lat' dir='ltr'><strong><em>petiverunt,</em></strong></span> <span class='ocrx_word' id='word_1_10' title='bbox 561 391 645 438; x_wconf 88' lang='lat' dir='ltr'><strong><em>tanto</em></strong></span> <span class='ocrx_word' id='word_1_11' title='bbox 663 387 800 438; x_wconf 77' lang='lat' dir='ltr'><strong><em>maiorem</em></strong></span> <span class='ocrx_word' id='word_1_12' title='bbox 819 386 857 438; x_wconf 88' lang='lat' dir='ltr'><strong><em>iis</em></strong></span> <span class='ocrx_word' id='word_1_13' title='bbox 868 381 1163 474; x_wconf 33' lang='lat' dir='ltr'><strong><em>frustratiauclolorem</em></strong></span> <span class='ocrx_word' id='word_1_14' title='bbox 1183 381 1303 474; x_wconf 58' lang='lat' dir='ltr'><strong><em>wollt,</em></strong></span> <span class='ocrx_word' id='word_1_15' title='bbox 1322 381 1419 438; x_wconf 79' lang='lat' dir='ltr'><strong><em>Sclmln.</em></strong></span> 
     </span>
    </p>

    <p class='ocr_par' dir='ltr' id='par_1_4' title="bbox 197 457 1421 819">
     <span class='ocr_line' id='line_1_4' title="bbox 197 457 1421 610; baseline -0.007 -20"><span class='ocrx_word' id='word_1_16' title='bbox 197 457 754 610; x_wconf 54' lang='grc' dir='ltr'><strong><em>ῗὶῗ..ἰ*.ἷῖἱῖῗὲ;.·.ἶ“ἶὶῗ·.ῗέ,Ἧῑῗῑ.</em></strong></span> <span class='ocrx_word' id='word_1_17' title='bbox 780 461 1173 598; x_wconf 66' lang='grc' dir='ltr'><strong><em>ῖῖἵ.ἷ”ἓ.ἷὶἱ.ἔέἔ”.ιῖ.ἷ.ἳῖἕ</em></strong></span> <span class='ocrx_word' id='word_1_18' title='bbox 1191 463 1421 596; x_wconf 50' lang='lat' dir='ltr'><strong><em>{totta}</em></strong></span> 
     </span>
     <span class='ocr_line' id='line_1_5' title="bbox 199 601 1420 668; baseline -0.007 -6"><span class='ocrx_word' id='word_1_19' title='bbox 199 615 249 662; x_wconf 89' lang='lat' dir='ltr'><strong><em>sst.</em></strong></span> <span class='ocrx_word' id='word_1_20' title='bbox 270 635 306 646; x_wconf 93' lang='lat'>—</span> <span class='ocrx_word' id='word_1_21' title='bbox 325 605 384 659; x_wconf 83' lang='lat' dir='ltr'><strong><em>illis</em></strong></span> <span class='ocrx_word' id='word_1_22' title='bbox 402 605 555 658; x_wconf 86' lang='lat' dir='ltr'><strong><em>nobilitata</em></strong></span> <span class='ocrx_word' id='word_1_23' title='bbox 574 603 775 657; x_wconf 70' lang='lat' dir='ltr'><strong><em>certaminibus</em></strong></span> <span class='ocrx_word' id='word_1_24' title='bbox 794 619 860 655; x_wconf 91' lang='lat' dir='ltr'><strong><em>cum</em></strong></span> <span class='ocrx_word' id='word_1_25' title='bbox 880 601 1046 655; x_wconf 84' lang='lat' dir='ltr'><strong><em>adversario</em></strong></span> <span class='ocrx_word' id='word_1_26' title='bbox 1065 601 1188 668; x_wconf 83' lang='lat' dir='ltr'><strong><em>maiore,</em></strong></span> <span class='ocrx_word' id='word_1_27' title='bbox 1215 601 1352 667; x_wconf 78' lang='lat' dir='ltr'><strong><em>Catilina,</em></strong></span> <span class='ocrx_word' id='word_1_28' title='bbox 1372 603 1420 654; x_wconf 83' lang='lat' dir='ltr'><strong><em>bii·</em></strong></span> 
     </span>
     <span class='ocr_line' id='line_1_6' title="bbox 199 674 1419 749; baseline -0.003 -17"><span class='ocrx_word' id='word_1_29' title='bbox 199 679 284 746; x_wconf 91' lang='lat' dir='ltr'><strong><em>lone,</em></strong></span> <span class='ocrx_word' id='word_1_30' title='bbox 306 679 429 743; x_wconf 87' lang='lat' dir='ltr'><strong><em>·Verre,</em></strong></span> <span class='ocrx_word' id='word_1_31' title='bbox 459 675 601 741; x_wconf 87' lang='lat' dir='ltr'><strong><em>Antonio,</em></strong></span> <span class='ocrx_word' id='word_1_32' title='bbox 635 693 720 747; x_wconf 82' lang='lat' dir='ltr'><strong><em>supra</em></strong></span> <span class='ocrx_word' id='word_1_33' title='bbox 738 674 915 728; x_wconf 86' lang='lat' dir='ltr'><strong><em>memoratis.</em></strong></span> <span class='ocrx_word' id='word_1_34' title='bbox 953 676 1110 728; x_wconf 84' lang='lat' dir='ltr'><strong><em>nobilitata</em></strong></span> <span class='ocrx_word' id='word_1_35' title='bbox 1136 674 1242 744; x_wconf 78' lang='lat' dir='ltr'>scripsi</span> <span class='ocrx_word' id='word_1_36' title='bbox 1268 687 1322 742; x_wconf 88' lang='lat' dir='ltr'><strong><em>pro</em></strong></span> <span class='ocrx_word' id='word_1_37' title='bbox 1347 675 1419 749; x_wconf 76' lang='lat' dir='ltr'><strong><em>vulg.</em></strong></span> 
     </span>
     <span class='ocr_line' id='line_1_7' title="bbox 201 747 1420 819; baseline -0.006 -13"><span class='ocrx_word' id='word_1_38' title='bbox 201 753 382 816; x_wconf 79' lang='lat' dir='ltr'><strong><em>nobilitatus,-</em></strong></span> <span class='ocrx_word' id='word_1_39' title='bbox 400 767 468 802; x_wconf 88' lang='lat' dir='ltr'><strong><em>nam</em></strong></span> <span class='ocrx_word' id='word_1_40' title='bbox 488 747 584 802; x_wconf 88' lang='lat' dir='ltr'><strong><em>omnia</em></strong></span> <span class='ocrx_word' id='word_1_41' title='bbox 603 747 676 802; x_wconf 81' lang='lat' dir='ltr'><strong><em>baec</em></strong></span> <span class='ocrx_word' id='word_1_42' title='bbox 694 747 732 801; x_wconf 80' lang='lat' dir='ltr'><strong><em>sd</em></strong></span> <span class='ocrx_word' id='word_1_43' title='bbox 751 749 936 819; x_wconf 81' lang='lat' dir='ltr'><strong><em>eloquentiam</em></strong></span> <span class='ocrx_word' id='word_1_44' title='bbox 955 747 1119 813; x_wconf 77' lang='lat' dir='ltr'><strong><em>referenda,</em></strong></span> <span class='ocrx_word' id='word_1_45' title='bbox 1139 747 1187 799; x_wconf 86' lang='lat' dir='ltr'><strong><em>cui</em></strong></span> <span class='ocrx_word' id='word_1_46' title='bbox 1205 761 1345 816; x_wconf 78' lang='lat' dir='ltr'><strong>personae</strong></span> <span class='ocrx_word' id='word_1_47' title='bbox 1364 765 1420 816; x_wconf 89' lang='lat' dir='ltr'><strong><em>spe-</em></strong></span> 
     </span>
    </p>
   </div>
   <div class='ocr_carea' id='block_1_4' title="bbox 87 819 1420 878">
    <p class='ocr_par' dir='ltr' id='par_1_5' title="bbox 87 819 1420 878">
     <span class='ocr_line' id='line_1_8' title="bbox 87 819 1420 878; baseline -0.002 -1"><span class='ocrx_word' id='word_1_48' title='bbox 87 867 91 877; x_wconf 94' lang='lat'><em>.</em></span> <span class='ocrx_word' id='word_1_49' title='bbox 200 826 259 878; x_wconf 88' lang='lat' dir='ltr'><strong><em>cies</em></strong></span> <span class='ocrx_word' id='word_1_50' title='bbox 278 824 422 877; x_wconf 82' lang='lat' dir='ltr'>induitur.</span> <span class='ocrx_word' id='word_1_51' title='bbox 461 823 613 876; x_wconf 86' lang='lat' dir='ltr'><strong><em>nobilitata</em></strong></span> <span class='ocrx_word' id='word_1_52' title='bbox 632 821 718 874; x_wconf 85' lang='lat' dir='ltr'><strong><em>etiam</em></strong></span> <span class='ocrx_word' id='word_1_53' title='bbox 739 837 816 873; x_wconf 91' lang='lat' dir='ltr'><strong><em>corr.</em></strong></span> <span class='ocrx_word' id='word_1_54' title='bbox 836 819 969 872; x_wconf 75' lang='lat' dir='ltr'><strong><em>Latinius</em></strong></span> <span class='ocrx_word' id='word_1_55' title='bbox 987 828 1017 874; x_wconf 88' lang='lat' dir='ltr'><strong><em>et</em></strong></span> <span class='ocrx_word' id='word_1_56' title='bbox 1035 821 1140 873; x_wconf 82' lang='lat' dir='ltr'><strong><em>ileum.</em></strong></span> <span class='ocrx_word' id='word_1_57' title='bbox 1184 821 1244 872; x_wconf 87' lang='lat' dir='ltr'><strong><em>illis</em></strong></span> <span class='ocrx_word' id='word_1_58' title='bbox 1263 819 1420 874; x_wconf 67' lang='lat' dir='ltr'><strong><em>nobilitatus</em></strong></span> 
     </span>
    </p>
   </div>
   <div class='ocr_carea' id='block_1_5' title="bbox 200 889 1420 962">
    <p class='ocr_par' dir='ltr' id='par_1_6' title="bbox 200 889 1420 962">
     <span class='ocr_line' id='line_1_9' title="bbox 200 889 1420 962; baseline -0.003 -12"><span class='ocrx_word' id='word_1_59' title='bbox 200 900 365 951; x_wconf 68' lang='lat' dir='ltr'><strong><em>criminibus</em></strong></span> <span class='ocrx_word' id='word_1_60' title='bbox 383 913 483 950; x_wconf 87' lang='lat' dir='ltr'><strong><em>omnes</em></strong></span> <span class='ocrx_word' id='word_1_61' title='bbox 502 893 565 948; x_wconf 77' lang='lat' dir='ltr'><strong><em>edd.</em></strong></span> <span class='ocrx_word' id='word_1_62' title='bbox 586 901 653 947; x_wconf 88' lang='lat' dir='ltr'><strong><em>ante</em></strong></span> <span class='ocrx_word' id='word_1_63' title='bbox 671 893 735 962; x_wconf 81' lang='lat' dir='ltr'><strong><em>Rip.</em></strong></span> <span class='ocrx_word' id='word_1_64' title='bbox 773 891 1067 946; x_wconf 83' lang='lat' dir='ltr'><strong><em>Sedcriminaabh.</em></strong></span> <span class='ocrx_word' id='word_1_65' title='bbox 1087 891 1108 943; x_wconf 82' lang='lat' dir='ltr'><strong><em>l.</em></strong></span> <span class='ocrx_word' id='word_1_66' title='bbox 1128 889 1325 954; x_wconf 65' lang='lat' dir='ltr'><strong><em>aliermont,</em></strong></span> <span class='ocrx_word' id='word_1_67' title='bbox 1352 893 1420 946; x_wconf 88' lang='lat' dir='ltr'><strong><em>uode</em></strong></span> 
     </span>
    </p>
   </div>
   <div class='ocr_carea' id='block_1_6' title="bbox 107 963 1420 1034">
    <p class='ocr_par' dir='ltr' id='par_1_7' title="bbox 107 963 1420 1034">
     <span class='ocr_line' id='line_1_10' title="bbox 107 963 1420 1034; baseline -0.004 -12"><span class='ocrx_word' id='word_1_68' title='bbox 107 1019 111 1029; x_wconf 85' lang='lat'><strong><em>‚</em></strong></span> <span class='ocrx_word' id='word_1_69' title='bbox 201 969 342 1022; x_wconf 87' lang='lat' dir='ltr'><strong><em>nonnulli</em></strong></span> <span class='ocrx_word' id='word_1_70' title='bbox 361 983 518 1022; x_wconf 83' lang='lat' dir='ltr'><strong><em>correxere</em></strong></span> <span class='ocrx_word' id='word_1_71' title='bbox 536 967 759 1028; x_wconf 81' lang='lat' dir='ltr'><strong><em>discriminibus,</em></strong></span> <span class='ocrx_word' id='word_1_72' title='bbox 778 973 807 1018; x_wconf 90' lang='lat' dir='ltr'><strong><em>et</em></strong></span> <span class='ocrx_word' id='word_1_73' title='bbox 825 965 906 1018; x_wconf 83' lang='lat' dir='ltr'><strong><em>Acid.</em></strong></span> <span class='ocrx_word' id='word_1_74' title='bbox 943 966 1156 1023; x_wconf 80' lang='lat' dir='ltr'><strong><em>certaminibus,</em></strong></span> <span class='ocrx_word' id='word_1_75' title='bbox 1183 963 1262 1033; x_wconf 87' lang='lat' dir='ltr'><strong><em>quod</em></strong></span> <span class='ocrx_word' id='word_1_76' title='bbox 1279 974 1420 1034; x_wconf 81' lang='lat' dir='ltr'><strong><em>receptum</em></strong></span> 
     </span>
    </p>
   </div>
   <div class='ocr_carea' id='block_1_7' title="bbox 199 1037 1421 1542">
    <p class='ocr_par' dir='ltr' id='par_1_8' title="bbox 199 1037 1421 1542">
     <span class='ocr_line' id='line_1_11' title="bbox 200 1037 1421 1110; baseline -0.007 -15"><span class='ocrx_word' id='word_1_77' title='bbox 200 1049 243 1096; x_wconf 84' lang='lat' dir='ltr'><strong><em>est</em></strong></span> <span class='ocrx_word' id='word_1_78' title='bbox 261 1041 341 1095; x_wconf 86' lang='lat' dir='ltr'><strong><em>Seeb.</em></strong></span> <span class='ocrx_word' id='word_1_79' title='bbox 361 1041 405 1094; x_wconf 85' lang='lat' dir='ltr'><strong><em>Os.</em></strong></span> <span class='ocrx_word' id='word_1_80' title='bbox 425 1040 571 1108; x_wconf 78' lang='lat' dir='ltr'><strong><em>nobisque.</em></strong></span> <span class='ocrx_word' id='word_1_81' title='bbox 591 1067 628 1080; x_wconf 92' lang='lat'><strong><em>·-</em></strong></span> <span class='ocrx_word' id='word_1_82' title='bbox 659 1042 691 1092; x_wconf 90' lang='lat' dir='ltr'><strong><em>in</em></strong></span> <span class='ocrx_word' id='word_1_83' title='bbox 718 1055 763 1090; x_wconf 85' lang='lat' dir='ltr'><strong><em>arc</em></strong></span> <span class='ocrx_word' id='word_1_84' title='bbox 789 1037 931 1090; x_wconf 86' lang='lat' dir='ltr'><strong><em>bominum</em></strong></span> <span class='ocrx_word' id='word_1_85' title='bbox 950 1042 1032 1110; x_wconf 87' lang='lat' dir='ltr'><strong><em>agit,</em></strong></span> <span class='ocrx_word' id='word_1_86' title='bbox 1055 1055 1173 1109; x_wconf 87' lang='lat' dir='ltr'><strong><em>quorum</em></strong></span> <span class='ocrx_word' id='word_1_87' title='bbox 1196 1055 1229 1090; x_wconf 85' lang='lat' dir='ltr'><strong><em>ea</em></strong></span> <span class='ocrx_word' id='word_1_88' title='bbox 1252 1045 1356 1090; x_wconf 89' lang='lat' dir='ltr'><strong><em>natura</em></strong></span> <span class='ocrx_word' id='word_1_89' title='bbox 1380 1047 1421 1098; x_wconf 83' lang='lat' dir='ltr'><strong><em>est,</em></strong></span> 
     </span>
     <span class='ocr_line' id='line_1_12' title="bbox 201 1108 1419 1186; baseline -0.002 -21"><span class='ocrx_word' id='word_1_90' title='bbox 201 1122 235 1165; x_wconf 88' lang='lat' dir='ltr'><strong><em>ut</em></strong></span> <span class='ocrx_word' id='word_1_91' title='bbox 252 1131 349 1168; x_wconf 87' lang='lat' dir='ltr'><strong><em>secura</em></strong></span> <span class='ocrx_word' id='word_1_92' title='bbox 367 1115 477 1173; x_wconf 87' lang='lat' dir='ltr'><strong><em>nolint,</em></strong></span> <span class='ocrx_word' id='word_1_93' title='bbox 496 1129 523 1165; x_wconf 84' lang='lat' dir='ltr'><strong><em>v.</em></strong></span> <span class='ocrx_word' id='word_1_94' title='bbox 543 1111 579 1165; x_wconf 83' lang='lat' dir='ltr'><strong><em>ad</em></strong></span> <span class='ocrx_word' id='word_1_95' title='bbox 596 1112 632 1164; x_wconf 86' lang='lat' dir='ltr'><strong><em>H.</em></strong></span> <span class='ocrx_word' id='word_1_96' title='bbox 652 1113 688 1178; x_wconf 88' lang='grc'><strong><em>2,</em></strong></span> <span class='ocrx_word' id='word_1_97' title='bbox 707 1113 763 1176; x_wconf 86' lang='grc'><strong><em>73,</em></strong></span> <span class='ocrx_word' id='word_1_98' title='bbox 782 1114 809 1166; x_wconf 76' lang='lat' dir='ltr'><strong><em>q,</em></strong></span> <span class='ocrx_word' id='word_1_99' title='bbox 829 1118 859 1163; x_wconf 82' lang='lat' dir='ltr'><strong><em>ct</em></strong></span> <span class='ocrx_word' id='word_1_100' title='bbox 876 1109 946 1186; x_wconf 83' lang='lat' dir='ltr'><strong><em>Agr.</em></strong></span> <span class='ocrx_word' id='word_1_101' title='bbox 966 1115 992 1166; x_wconf 74' lang='lat' dir='ltr'><strong><em>d.</em></strong></span> <span class='ocrx_word' id='word_1_102' title='bbox 1012 1129 1039 1164; x_wconf 90' lang='lat' dir='ltr'><strong><em>n.</em></strong></span> <span class='ocrx_word' id='word_1_103' title='bbox 1059 1114 1085 1166; x_wconf 90' lang='grc'><strong><em>8.</em></strong></span> <span class='ocrx_word' id='word_1_104' title='bbox 1123 1113 1155 1162; x_wconf 87' lang='lat' dir='ltr'><strong><em>in</em></strong></span> <span class='ocrx_word' id='word_1_105' title='bbox 1173 1127 1219 1161; x_wconf 84' lang='lat' dir='ltr'><strong><em>ors</em></strong></span> <span class='ocrx_word' id='word_1_106' title='bbox 1237 1108 1263 1161; x_wconf 87' lang='lat' dir='ltr'><strong><em>b.</em></strong></span> <span class='ocrx_word' id='word_1_107' title='bbox 1282 1115 1346 1180; x_wconf 76' lang='lat' dir='ltr'><strong><em>agit</em></strong></span> <span class='ocrx_word' id='word_1_108' title='bbox 1364 1110 1419 1163; x_wconf 92' lang='lat' dir='ltr'><strong><em>edd.</em></strong></span> 
     </span>
     <span class='ocr_line' id='line_1_13' title="bbox 200 1181 1421 1256; baseline -0.006 -16"><span class='ocrx_word' id='word_1_109' title='bbox 200 1187 281 1256; x_wconf 81' lang='lat' dir='ltr'><strong><em>Lips.</em></strong></span> <span class='ocrx_word' id='word_1_110' title='bbox 302 1195 331 1240; x_wconf 87' lang='lat' dir='ltr'><strong><em>at</em></strong></span> <span class='ocrx_word' id='word_1_111' title='bbox 349 1201 408 1239; x_wconf 91' lang='lat' dir='ltr'><strong><em>rec.</em></strong></span> <span class='ocrx_word' id='word_1_112' title='bbox 447 1202 522 1238; x_wconf 84' lang='lat' dir='ltr'><strong><em>mors</em></strong></span> <span class='ocrx_word' id='word_1_113' title='bbox 548 1185 573 1237; x_wconf 87' lang='lat' dir='ltr'><strong><em>b.</em></strong></span> <span class='ocrx_word' id='word_1_114' title='bbox 600 1187 666 1256; x_wconf 82' lang='lat' dir='ltr'><strong><em>agit</em></strong></span> <span class='ocrx_word' id='word_1_115' title='bbox 689 1199 789 1236; x_wconf 90' lang='lat' dir='ltr'><strong><em>omnes</em></strong></span> <span class='ocrx_word' id='word_1_116' title='bbox 816 1182 879 1236; x_wconf 92' lang='lat' dir='ltr'><strong><em>edd.</em></strong></span> <span class='ocrx_word' id='word_1_117' title='bbox 906 1191 972 1238; x_wconf 85' lang='lat' dir='ltr'><strong><em>ante</em></strong></span> <span class='ocrx_word' id='word_1_118' title='bbox 997 1183 1075 1253; x_wconf 80' lang='lat' dir='ltr'><strong><em>Lips.</em></strong></span> <span class='ocrx_word' id='word_1_119' title='bbox 1102 1181 1180 1250; x_wconf 92' lang='lat' dir='ltr'><strong><em>quod</em></strong></span> <span class='ocrx_word' id='word_1_120' title='bbox 1206 1183 1282 1236; x_wconf 77' lang='lat' dir='ltr'><strong><em>snale</em></strong></span> <span class='ocrx_word' id='word_1_121' title='bbox 1301 1182 1421 1235; x_wconf 75' lang='lat' dir='ltr'><strong><em>defendit</em></strong></span> 
     </span>
     <span class='ocr_line' id='line_1_14' title="bbox 200 1255 1421 1326; baseline -0.004 -14"><span class='ocrx_word' id='word_1_122' title='bbox 200 1259 280 1312; x_wconf 88' lang='lat' dir='ltr'><strong><em>Osan.</em></strong></span> <span class='ocrx_word' id='word_1_123' title='bbox 300 1257 329 1310; x_wconf 91' lang='lat' dir='ltr'><strong><em>h.</em></strong></span> <span class='ocrx_word' id='word_1_124' title='bbox 352 1257 372 1310; x_wconf 90' lang='lat' dir='ltr'><strong><em>l.</em></strong></span> <span class='ocrx_word' id='word_1_125' title='bbox 400 1265 428 1311; x_wconf 90' lang='lat' dir='ltr'><strong><em>et</em></strong></span> <span class='ocrx_word' id='word_1_126' title='bbox 453 1259 484 1309; x_wconf 90' lang='lat' dir='ltr'><strong><em>in</em></strong></span> <span class='ocrx_word' id='word_1_127' title='bbox 504 1257 620 1310; x_wconf 82' lang='lat' dir='ltr'><strong><em>Auctor.</em></strong></span> <span class='ocrx_word' id='word_1_128' title='bbox 641 1257 710 1310; x_wconf 83' lang='lat' dir='ltr'><strong><em>Lex.</em></strong></span> <span class='ocrx_word' id='word_1_129' title='bbox 732 1255 835 1308; x_wconf 86' lang='lat' dir='ltr'><strong><em>Graec.</em></strong></span> <span class='ocrx_word' id='word_1_130' title='bbox 855 1273 884 1326; x_wconf 86' lang='lat' dir='ltr'><strong><em>p.</em></strong></span> <span class='ocrx_word' id='word_1_131' title='bbox 904 1259 948 1312; x_wconf 80' lang='grc'><strong><em>26.</em></strong></span> <span class='ocrx_word' id='word_1_132' title='bbox 969 1283 1001 1295; x_wconf 95' lang='grc'><strong>-</strong></span> <span class='ocrx_word' id='word_1_133' title='bbox 1033 1264 1065 1308; x_wconf 88' lang='lat' dir='ltr'><strong><em>ui</em></strong></span> <span class='ocrx_word' id='word_1_134' title='bbox 1083 1273 1179 1308; x_wconf 83' lang='lat' dir='ltr'><strong><em>secura</em></strong></span> <span class='ocrx_word' id='word_1_135' title='bbox 1198 1257 1306 1315; x_wconf 80' lang='lat' dir='ltr'><strong><em>nolint,</em></strong></span> <span class='ocrx_word' id='word_1_136' title='bbox 1335 1262 1366 1306; x_wconf 87' lang='lat' dir='ltr'><strong><em>ut</em></strong></span> <span class='ocrx_word' id='word_1_137' title='bbox 1383 1271 1421 1307; x_wconf 86' lang='lat' dir='ltr'><strong><em>re·</em></strong></span> 
     </span>
     <span class='ocr_line' id='line_1_15' title="bbox 199 1327 1420 1400; baseline -0.003 -18"><span class='ocrx_word' id='word_1_138' title='bbox 199 1339 304 1400; x_wconf 83' lang='lat' dir='ltr'><strong><em>spusnt</em></strong></span> <span class='ocrx_word' id='word_1_139' title='bbox 322 1347 418 1384; x_wconf 77' lang='lat' dir='ltr'><strong><em>causas</em></strong></span> <span class='ocrx_word' id='word_1_140' title='bbox 437 1329 528 1382; x_wconf 90' lang='lat' dir='ltr'><strong><em>nullis</em></strong></span> <span class='ocrx_word' id='word_1_141' title='bbox 546 1329 690 1400; x_wconf 87' lang='lat' dir='ltr'><strong><em>periculis</em></strong></span> <span class='ocrx_word' id='word_1_142' title='bbox 715 1327 852 1382; x_wconf 82' lang='lat' dir='ltr'><strong><em>obnoxias</em></strong></span> <span class='ocrx_word' id='word_1_143' title='bbox 881 1335 910 1381; x_wconf 88' lang='lat' dir='ltr'><strong><em>et</em></strong></span> <span class='ocrx_word' id='word_1_144' title='bbox 935 1329 1028 1380; x_wconf 82' lang='lat' dir='ltr'><strong><em>lamae</em></strong></span> <span class='ocrx_word' id='word_1_145' title='bbox 1056 1327 1157 1399; x_wconf 89' lang='lat' dir='ltr'><strong><em>cupidi</em></strong></span> <span class='ocrx_word' id='word_1_146' title='bbox 1176 1343 1236 1381; x_wconf 90' lang='lat' dir='ltr'><strong><em>non</em></strong></span> <span class='ocrx_word' id='word_1_147' title='bbox 1255 1327 1311 1380; x_wconf 83' lang='lat' dir='ltr'><strong><em>nisi</em></strong></span> <span class='ocrx_word' id='word_1_148' title='bbox 1329 1327 1420 1396; x_wconf 87' lang='lat' dir='ltr'><strong><em>plenas</em></strong></span> 
     </span>
     <span class='ocr_line' id='line_1_16' title="bbox 200 1398 1420 1472; baseline -0.002 -18"><span class='ocrx_word' id='word_1_149' title='bbox 200 1403 382 1456; x_wconf 80' lang='lat' dir='ltr'><strong><em>discriminis</em></strong></span> <span class='ocrx_word' id='word_1_150' title='bbox 402 1408 431 1456; x_wconf 88' lang='lat' dir='ltr'><strong><em>et</em></strong></span> <span class='ocrx_word' id='word_1_151' title='bbox 449 1402 530 1454; x_wconf 79' lang='lat' dir='ltr'><strong><em>aleae</em></strong></span> <span class='ocrx_word' id='word_1_152' title='bbox 549 1409 656 1454; x_wconf 84' lang='lat' dir='ltr'><strong><em>ament.</em></strong></span> <span class='ocrx_word' id='word_1_153' title='bbox 693 1407 726 1452; x_wconf 92' lang='lat' dir='ltr'><strong><em>ut</em></strong></span> <span class='ocrx_word' id='word_1_154' title='bbox 742 1419 765 1454; x_wconf 91' lang='lat' dir='ltr'><strong><em>s.</em></strong></span> <span class='ocrx_word' id='word_1_155' title='bbox 785 1402 879 1454; x_wconf 86' lang='lat' dir='ltr'><strong><em>nolint</em></strong></span> <span class='ocrx_word' id='word_1_156' title='bbox 898 1400 962 1454; x_wconf 91' lang='lat' dir='ltr'><strong><em>edd.</em></strong></span> <span class='ocrx_word' id='word_1_157' title='bbox 982 1398 1073 1453; x_wconf 86' lang='lat' dir='ltr'><strong><em>Rhen.</em></strong></span> <span class='ocrx_word' id='word_1_158' title='bbox 1084 1403 1111 1456; x_wconf 79' lang='lat'><strong><em>2.</em></strong></span> <span class='ocrx_word' id='word_1_159' title='bbox 1122 1404 1148 1456; x_wconf 82' lang='grc'><strong><em>3.</em></strong></span> <span class='ocrx_word' id='word_1_160' title='bbox 1170 1407 1199 1452; x_wconf 89' lang='lat' dir='ltr'><strong><em>et</em></strong></span> <span class='ocrx_word' id='word_1_161' title='bbox 1218 1399 1323 1454; x_wconf 86' lang='lat' dir='ltr'><strong><em>deinde</em></strong></span> <span class='ocrx_word' id='word_1_162' title='bbox 1340 1417 1420 1472; x_wconf 85' lang='lat' dir='ltr'><strong><em>paene</em></strong></span> 
     </span>
     <span class='ocr_line' id='line_1_17' title="bbox 200 1471 1421 1542; baseline -0.003 -16"><span class='ocrx_word' id='word_1_163' title='bbox 200 1489 309 1528; x_wconf 79' lang='lat' dir='ltr'><strong><em>ornnes.</em></strong></span> <span class='ocrx_word' id='word_1_164' title='bbox 349 1483 381 1527; x_wconf 91' lang='lat' dir='ltr'><strong><em>ut</em></strong></span> <span class='ocrx_word' id='word_1_165' title='bbox 405 1493 427 1527; x_wconf 87' lang='lat' dir='ltr'><strong><em>s·</em></strong></span> <span class='ocrx_word' id='word_1_166' title='bbox 454 1477 540 1527; x_wconf 82' lang='lat' dir='ltr'><strong><em>uelint</em></strong></span> <span class='ocrx_word' id='word_1_167' title='bbox 565 1472 641 1527; x_wconf 88' lang='lat' dir='ltr'>MSS.</span> <span class='ocrx_word' id='word_1_168' title='bbox 671 1475 734 1524; x_wconf 86' lang='lat' dir='ltr'><strong><em>Vat.</em></strong></span> <span class='ocrx_word' id='word_1_169' title='bbox 764 1473 810 1527; x_wconf 89' lang='lat' dir='ltr'><strong><em>ed.</em></strong></span> <span class='ocrx_word' id='word_1_170' title='bbox 829 1491 875 1542; x_wconf 87' lang='lat' dir='ltr'><strong><em>pr.</em></strong></span> <span class='ocrx_word' id='word_1_171' title='bbox 895 1475 958 1526; x_wconf 79' lang='lat' dir='ltr'><strong><em>rut.</em></strong></span> <span class='ocrx_word' id='word_1_172' title='bbox 978 1471 1042 1525; x_wconf 74' lang='lat' dir='ltr'><strong><em>biv.</em></strong></span> <span class='ocrx_word' id='word_1_173' title='bbox 1063 1473 1128 1526; x_wconf 87' lang='lat' dir='ltr'><strong><em>Ber.</em></strong></span> <span class='ocrx_word' id='word_1_174' title='bbox 1150 1471 1243 1525; x_wconf 74' lang='lat' dir='ltr'><strong><em>Rhea.</em></strong></span> <span class='ocrx_word' id='word_1_175' title='bbox 1264 1478 1289 1527; x_wconf 85' lang='lat'><strong><em>1.</em></strong></span> <span class='ocrx_word' id='word_1_176' title='bbox 1309 1473 1359 1524; x_wconf 87' lang='lat' dir='ltr'><strong><em>Dr.</em></strong></span> <span class='ocrx_word' id='word_1_177' title='bbox 1394 1479 1421 1522; x_wconf 88' lang='lat' dir='ltr'><strong><em>ut</em></strong></span> 
     </span>
    </p>
   </div>
   <div class='ocr_carea' id='block_1_8' title="bbox 98 1544 1420 1629">
    <p class='ocr_par' dir='ltr' id='par_1_9' title="bbox 98 1544 1420 1629">
     <span class='ocr_line' id='line_1_18' title="bbox 98 1544 1420 1629; baseline -0.004 -31"><span class='ocrx_word' id='word_1_178' title='bbox 98 1571 100 1576; x_wconf 96' lang='lat'>·</span> <span class='ocrx_word' id='word_1_179' title='bbox 198 1545 283 1598; x_wconf 81' lang='lat' dir='ltr'><strong><em>dubia</em></strong></span> <span class='ocrx_word' id='word_1_180' title='bbox 302 1548 429 1604; x_wconf 71' lang='lat' dir='ltr'><strong><em>lacudunt,</em></strong></span> <span class='ocrx_word' id='word_1_181' title='bbox 446 1563 542 1600; x_wconf 83' lang='lat' dir='ltr'><strong><em>secura</em></strong></span> <span class='ocrx_word' id='word_1_182' title='bbox 560 1547 656 1596; x_wconf 85' lang='lat' dir='ltr'><strong><em>nolint</em></strong></span> <span class='ocrx_word' id='word_1_183' title='bbox 673 1546 751 1597; x_wconf 90' lang='lat' dir='ltr'><strong><em>coni.</em></strong></span> <span class='ocrx_word' id='word_1_184' title='bbox 773 1545 873 1622; x_wconf 82' lang='lat' dir='ltr'><strong><em>Agric.</em></strong></span> <span class='ocrx_word' id='word_1_185' title='bbox 913 1545 994 1610; x_wconf 83' lang='lat' dir='ltr'><strong><em>Quod</em></strong></span> <span class='ocrx_word' id='word_1_186' title='bbox 1013 1545 1171 1629; x_wconf 67' lang='lat' dir='ltr'><strong><em>quineget</em></strong></span> <span class='ocrx_word' id='word_1_187' title='bbox 1191 1553 1292 1618; x_wconf 85' lang='lat' dir='ltr'><strong><em>aptum</em></strong></span> <span class='ocrx_word' id='word_1_188' title='bbox 1312 1544 1347 1596; x_wconf 85' lang='lat' dir='ltr'><strong><em>ad</em></strong></span> <span class='ocrx_word' id='word_1_189' title='bbox 1365 1561 1420 1595; x_wconf 87' lang='lat' dir='ltr'><strong><em>sen-</em></strong></span> 
     </span>
    </p>
   </div>
   <div class='ocr_carea' id='block_1_9' title="bbox 198 1615 1421 2054">
    <p class='ocr_par' dir='ltr' id='par_1_10' title="bbox 198 1615 1421 2054">
     <span class='ocr_line' id='line_1_19' title="bbox 199 1615 1420 1687; baseline -0.001 -21"><span class='ocrx_word' id='word_1_190' title='bbox 199 1631 262 1666; x_wconf 86' lang='lat' dir='ltr'><strong><em>sum</em></strong></span> <span class='ocrx_word' id='word_1_191' title='bbox 282 1631 358 1680; x_wconf 87' lang='lat' dir='ltr'><strong><em>esse,</em></strong></span> <span class='ocrx_word' id='word_1_192' title='bbox 377 1616 440 1686; x_wconf 88' lang='lat' dir='ltr'><strong><em>ipse</em></strong></span> <span class='ocrx_word' id='word_1_193' title='bbox 458 1616 521 1668; x_wconf 87' lang='lat' dir='ltr'><strong><em>sine</em></strong></span> <span class='ocrx_word' id='word_1_194' title='bbox 540 1632 641 1680; x_wconf 73' lang='lat' dir='ltr'><strong><em>sensu,</em></strong></span> <span class='ocrx_word' id='word_1_195' title='bbox 666 1615 743 1687; x_wconf 82' lang='lat' dir='ltr'><strong><em>Lips.</em></strong></span> <span class='ocrx_word' id='word_1_196' title='bbox 787 1616 845 1670; x_wconf 86' lang='lat' dir='ltr'><strong><em>Sed</em></strong></span> <span class='ocrx_word' id='word_1_197' title='bbox 869 1626 984 1670; x_wconf 81' lang='lat' dir='ltr'><strong><em>nostrae</em></strong></span> <span class='ocrx_word' id='word_1_198' title='bbox 1008 1617 1130 1669; x_wconf 72' lang='lat' dir='ltr'><strong><em>lectione</em></strong></span> <span class='ocrx_word' id='word_1_199' title='bbox 1159 1617 1261 1668; x_wconf 82' lang='lat' dir='ltr'><strong><em>eadem</em></strong></span> <span class='ocrx_word' id='word_1_200' title='bbox 1286 1615 1420 1668; x_wconf 79' lang='lat' dir='ltr'><strong><em>sententia</em></strong></span> 
     </span>
     <span class='ocr_line' id='line_1_20' title="bbox 198 1686 1420 1762; baseline -0.002 -23"><span class='ocrx_word' id='word_1_201' title='bbox 198 1686 282 1741; x_wconf 85' lang='lat' dir='ltr'><strong><em>inest.</em></strong></span> <span class='ocrx_word' id='word_1_202' title='bbox 320 1695 354 1740; x_wconf 88' lang='lat' dir='ltr'><strong><em>ut</em></strong></span> <span class='ocrx_word' id='word_1_203' title='bbox 371 1689 456 1740; x_wconf 83' lang='lat' dir='ltr'><strong><em>dubia</em></strong></span> <span class='ocrx_word' id='word_1_204' title='bbox 475 1688 601 1749; x_wconf 81' lang='lat' dir='ltr'><strong><em>laudent,</em></strong></span> <span class='ocrx_word' id='word_1_205' title='bbox 628 1705 723 1741; x_wconf 82' lang='lat' dir='ltr'><strong><em>secura</em></strong></span> <span class='ocrx_word' id='word_1_206' title='bbox 741 1691 846 1742; x_wconf 83' lang='lat' dir='ltr'><strong><em>malint</em></strong></span> <span class='ocrx_word' id='word_1_207' title='bbox 863 1689 920 1762; x_wconf 88' lang='lat' dir='ltr'><strong><em>leg.</em></strong></span> <span class='ocrx_word' id='word_1_208' title='bbox 942 1689 1076 1742; x_wconf 86' lang='lat' dir='ltr'><strong><em>censebat</em></strong></span> <span class='ocrx_word' id='word_1_209' title='bbox 1094 1687 1178 1742; x_wconf 78' lang='lat' dir='ltr'><strong><em>Acta.</em></strong></span> <span class='ocrx_word' id='word_1_210' title='bbox 1198 1687 1256 1741; x_wconf 90' lang='lat' dir='ltr'><strong><em>hoc</em></strong></span> <span class='ocrx_word' id='word_1_211' title='bbox 1273 1705 1369 1740; x_wconf 86' lang='lat' dir='ltr'><strong><em>senso:</em></strong></span> <span class='ocrx_word' id='word_1_212' title='bbox 1393 1694 1420 1736; x_wconf 88' lang='lat' dir='ltr'><strong><em>ot</em></strong></span> 
     </span>
     <span class='ocr_line' id='line_1_21' title="bbox 198 1759 1421 1830; baseline -0.002 -20"><span class='ocrx_word' id='word_1_213' title='bbox 198 1775 333 1814; x_wconf 87' lang='lat' dir='ltr'><strong><em>securum</em></strong></span> <span class='ocrx_word' id='word_1_214' title='bbox 352 1777 382 1814; x_wconf 84' lang='lat' dir='ltr'><strong><em>se</em></strong></span> <span class='ocrx_word' id='word_1_215' title='bbox 402 1759 524 1829; x_wconf 88' lang='lat' dir='ltr'><strong><em>quisque</em></strong></span> <span class='ocrx_word' id='word_1_216' title='bbox 544 1760 635 1825; x_wconf 88' lang='lat' dir='ltr'><strong><em>velit,</em></strong></span> <span class='ocrx_word' id='word_1_217' title='bbox 674 1760 706 1811; x_wconf 92' lang='lat' dir='ltr'><strong><em>io</em></strong></span> <span class='ocrx_word' id='word_1_218' title='bbox 733 1761 802 1813; x_wconf 84' lang='lat' dir='ltr'><strong><em>aliis</em></strong></span> <span class='ocrx_word' id='word_1_219' title='bbox 829 1767 928 1814; x_wconf 88' lang='lat' dir='ltr'><strong><em>tamen</em></strong></span> <span class='ocrx_word' id='word_1_220' title='bbox 955 1761 1124 1830; x_wconf 88' lang='lat' dir='ltr'><strong><em>periculosa</em></strong></span> <span class='ocrx_word' id='word_1_221' title='bbox 1144 1767 1172 1812; x_wconf 86' lang='lat' dir='ltr'><strong><em>et</em></strong></span> <span class='ocrx_word' id='word_1_222' title='bbox 1191 1760 1242 1828; x_wconf 92' lang='lat' dir='ltr'><strong><em>qui</em></strong></span> <span class='ocrx_word' id='word_1_223' title='bbox 1261 1777 1295 1812; x_wconf 80' lang='lat' dir='ltr'><strong><em>ea</em></strong></span> <span class='ocrx_word' id='word_1_224' title='bbox 1315 1759 1421 1812; x_wconf 79' lang='lat' dir='ltr'><strong><em>subeant</em></strong></span> 
     </span>
     <span class='ocr_line' id='line_1_22' title="bbox 199 1829 1420 1904; baseline -0.002 -21"><span class='ocrx_word' id='word_1_225' title='bbox 199 1829 331 1886; x_wconf 80' lang='lat' dir='ltr'><strong><em>laudibus</em></strong></span> <span class='ocrx_word' id='word_1_226' title='bbox 348 1833 434 1886; x_wconf 85' lang='lat' dir='ltr'><strong><em>ierat.</em></strong></span> <span class='ocrx_word' id='word_1_227' title='bbox 472 1834 516 1886; x_wconf 78' lang='lat' dir='ltr'><strong><em>lta</em></strong></span> <span class='ocrx_word' id='word_1_228' title='bbox 534 1849 605 1886; x_wconf 84' lang='lat' dir='ltr'><strong><em>vero</em></strong></span> <span class='ocrx_word' id='word_1_229' title='bbox 621 1840 650 1886; x_wconf 92' lang='lat' dir='ltr'><strong><em>et</em></strong></span> <span class='ocrx_word' id='word_1_230' title='bbox 669 1833 780 1904; x_wconf 89' lang='lat' dir='ltr'><strong><em>optime</em></strong></span> <span class='ocrx_word' id='word_1_231' title='bbox 793 1833 940 1903; x_wconf 79' lang='lat' dir='ltr'><strong><em>explicari</em></strong></span> <span class='ocrx_word' id='word_1_232' title='bbox 959 1849 1043 1902; x_wconf 89' lang='lat' dir='ltr'><strong><em>posse</em></strong></span> <span class='ocrx_word' id='word_1_233' title='bbox 1061 1831 1149 1886; x_wconf 82' lang='lat' dir='ltr'><strong><em>verba</em></strong></span> <span class='ocrx_word' id='word_1_234' title='bbox 1168 1841 1199 1884; x_wconf 84' lang='lat' dir='ltr'><strong><em>ut</em></strong></span> <span class='ocrx_word' id='word_1_235' title='bbox 1216 1851 1316 1885; x_wconf 80' lang='lat' dir='ltr'><strong><em>secura</em></strong></span> <span class='ocrx_word' id='word_1_236' title='bbox 1334 1833 1420 1890; x_wconf 82' lang='lat' dir='ltr'><strong><em>uelint,</em></strong></span> 
     </span>
     <span class='ocr_line' id='line_1_23' title="bbox 199 1904 1420 1979; baseline -0.001 -23"><span class='ocrx_word' id='word_1_237' title='bbox 199 1919 295 1972; x_wconf 88' lang='lat' dir='ltr'><strong><em>neque</em></strong></span> <span class='ocrx_word' id='word_1_238' title='bbox 314 1905 519 1976; x_wconf 88' lang='lat' dir='ltr'><strong><em>supplemento</em></strong></span> <span class='ocrx_word' id='word_1_239' title='bbox 539 1921 627 1979; x_wconf 87' lang='lat' dir='ltr'><strong><em>egere</em></strong></span> <span class='ocrx_word' id='word_1_240' title='bbox 647 1921 748 1958; x_wconf 89' lang='lat' dir='ltr'><strong><em>eorum</em></strong></span> <span class='ocrx_word' id='word_1_241' title='bbox 767 1905 957 1972; x_wconf 81' lang='lat' dir='ltr'><strong><em>sententiam,</em></strong></span> <span class='ocrx_word' id='word_1_242' title='bbox 978 1905 1161 1957; x_wconf 77' lang='lat' dir='ltr'><strong><em>arbitrantur</em></strong></span> <span class='ocrx_word' id='word_1_243' title='bbox 1180 1905 1230 1959; x_wconf 83' lang='lat' dir='ltr'><strong><em>Dr.</em></strong></span> <span class='ocrx_word' id='word_1_244' title='bbox 1244 1914 1274 1960; x_wconf 90' lang='lat' dir='ltr'><strong><em>et</em></strong></span> <span class='ocrx_word' id='word_1_245' title='bbox 1287 1906 1335 1959; x_wconf 87' lang='lat' dir='ltr'><strong><em>Or.</em></strong></span> <span class='ocrx_word' id='word_1_246' title='bbox 1372 1904 1420 1956; x_wconf 83' lang='lat' dir='ltr'><strong><em>Ee·</em></strong></span> 
     </span>
     <span class='ocr_line' id='line_1_24' title="bbox 199 1975 1034 2054; baseline 0.001 -26"><span class='ocrx_word' id='word_1_247' title='bbox 199 1975 265 2030; x_wconf 88' lang='lat' dir='ltr'><strong><em>dem</em></strong></span> <span class='ocrx_word' id='word_1_248' title='bbox 285 1977 404 2050; x_wconf 86' lang='lat' dir='ltr'><strong><em>quidem</em></strong></span> <span class='ocrx_word' id='word_1_249' title='bbox 423 1978 566 2032; x_wconf 86' lang='lat' dir='ltr'><strong><em>sententia</em></strong></span> <span class='ocrx_word' id='word_1_250' title='bbox 585 1985 645 2044; x_wconf 87' lang='lat' dir='ltr'><strong><em>est,</em></strong></span> <span class='ocrx_word' id='word_1_251' title='bbox 665 1978 716 2032; x_wconf 88' lang='lat' dir='ltr'><strong><em>sed</em></strong></span> <span class='ocrx_word' id='word_1_252' title='bbox 734 1993 794 2031; x_wconf 92' lang='lat' dir='ltr'><strong><em>non</em></strong></span> <span class='ocrx_word' id='word_1_253' title='bbox 814 1995 947 2054; x_wconf 80' lang='lat' dir='ltr'><strong><em>congrua</em></strong></span> <span class='ocrx_word' id='word_1_254' title='bbox 963 1976 993 2031; x_wconf 85' lang='lat' dir='ltr'><strong><em>b.</em></strong></span> <span class='ocrx_word' id='word_1_255' title='bbox 1014 1978 1034 2030; x_wconf 92' lang='lat' dir='ltr'><strong><em>l.</em></strong></span> 
     </span>
    </p>
   </div>
   <div class='ocr_carea' id='block_1_10' title="bbox 620 2159 1006 2215">
    <p class='ocr_par' dir='ltr' id='par_1_11' title="bbox 620 2159 1006 2215">
     <span class='ocr_line' id='line_1_25' title="bbox 620 2159 1006 2215; baseline 0.003 -1"><span class='ocrx_word' id='word_1_256' title='bbox 620 2160 643 2214; x_wconf 82' lang='lat' dir='ltr'><strong>G</strong></span> <span class='ocrx_word' id='word_1_257' title='bbox 661 2161 686 2212; x_wconf 84' lang='grc' dir='ltr'>Α</span> <span class='ocrx_word' id='word_1_258' title='bbox 705 2161 725 2213; x_wconf 88' lang='lat' dir='ltr'><strong>P</strong></span> <span class='ocrx_word' id='word_1_259' title='bbox 744 2161 769 2214; x_wconf 93' lang='lat' dir='ltr'>U</span> <span class='ocrx_word' id='word_1_260' title='bbox 788 2159 814 2213; x_wconf 88' lang='lat' dir='ltr'>T</span> <span class='ocrx_word' id='word_1_261' title='bbox 849 2159 1006 2215; x_wconf 81' lang='lat' dir='ltr'><strong><em>xxxvtlt.</em></strong></span> 
     </span>
    </p>
   </div>
   <div class='ocr_carea' id='block_1_11' title="bbox 164 2267 1421 2856">
    <p class='ocr_par' dir='ltr' id='par_1_12' title="bbox 164 2267 1421 2856">
     <span class='ocr_line' id='line_1_26' title="bbox 283 2267 1421 2335; baseline 0 -5"><span class='ocrx_word' id='word_1_262' title='bbox 283 2267 433 2332; x_wconf 83' lang='lat' dir='ltr'><strong><em>Transeo</em></strong></span> <span class='ocrx_word' id='word_1_263' title='bbox 465 2267 507 2332; x_wconf 89' lang='lat' dir='ltr'><strong><em>ad</em></strong></span> <span class='ocrx_word' id='word_1_264' title='bbox 527 2275 668 2333; x_wconf 81' lang='lat' dir='ltr'><strong><em>formam</em></strong></span> <span class='ocrx_word' id='word_1_265' title='bbox 690 2278 724 2333; x_wconf 90' lang='lat' dir='ltr'><strong><em>et</em></strong></span> <span class='ocrx_word' id='word_1_266' title='bbox 744 2269 1017 2333; x_wconf 87' lang='lat' dir='ltr'><strong><em>cousuetudinem</em></strong></span> <span class='ocrx_word' id='word_1_267' title='bbox 1037 2280 1189 2335; x_wconf 86' lang='lat' dir='ltr'><strong><em>veterum</em></strong></span> <span class='ocrx_word' id='word_1_268' title='bbox 1212 2267 1421 2332; x_wconf 88' lang='lat' dir='ltr'><strong><em>iudiciorum:</em></strong></span> 
     </span>
     <span class='ocr_line' id='line_1_27' title="bbox 200 2353 1420 2438; baseline 0.001 -25"><span class='ocrx_word' id='word_1_269' title='bbox 200 2371 285 2434; x_wconf 90' lang='lat' dir='ltr'><strong><em>quae</em></strong></span> <span class='ocrx_word' id='word_1_270' title='bbox 307 2355 369 2414; x_wconf 87' lang='lat' dir='ltr'><strong><em>etsi</em></strong></span> <span class='ocrx_word' id='word_1_271' title='bbox 391 2375 480 2415; x_wconf 90' lang='lat' dir='ltr'><strong><em>nunc</em></strong></span> <span class='ocrx_word' id='word_1_272' title='bbox 502 2357 612 2438; x_wconf 87' lang='lat' dir='ltr'><strong><em>aptior</em></strong></span> <span class='ocrx_word' id='word_1_273' title='bbox 642 2363 775 2434; x_wconf 87' lang='lat' dir='ltr'><strong><em>est...,</em></strong></span> <span class='ocrx_word' id='word_1_274' title='bbox 813 2355 1033 2436; x_wconf 81' lang='lat' dir='ltr'><strong><em>eloquentiam</em></strong></span> <span class='ocrx_word' id='word_1_275' title='bbox 1063 2365 1173 2417; x_wconf 90' lang='lat' dir='ltr'><strong><em>tamen</em></strong></span> <span class='ocrx_word' id='word_1_276' title='bbox 1204 2353 1288 2416; x_wconf 91' lang='lat' dir='ltr'><strong><em>illud</em></strong></span> <span class='ocrx_word' id='word_1_277' title='bbox 1321 2359 1420 2416; x_wconf 88' lang='lat' dir='ltr'><strong><em>forum</em></strong></span> 
     </span>
     <span class='ocr_line' id='line_1_28' title="bbox 200 2437 1420 2522; baseline 0.002 -26"><span class='ocrx_word' id='word_1_278' title='bbox 200 2437 304 2522; x_wconf 68' lang='lat' dir='ltr'><strong><em>nangis</em></strong></span> <span class='ocrx_word' id='word_1_279' title='bbox 327 2437 517 2518; x_wconf 83' lang='lat' dir='ltr'><strong><em>exercebat,</em></strong></span> <span class='ocrx_word' id='word_1_280' title='bbox 539 2439 574 2499; x_wconf 90' lang='lat' dir='ltr'><strong><em>in</em></strong></span> <span class='ocrx_word' id='word_1_281' title='bbox 596 2457 662 2520; x_wconf 94' lang='lat' dir='ltr'><strong><em>quo</em></strong></span> <span class='ocrx_word' id='word_1_282' title='bbox 684 2457 780 2500; x_wconf 90' lang='lat' dir='ltr'><strong><em>nemo</em></strong></span> <span class='ocrx_word' id='word_1_283' title='bbox 802 2439 891 2498; x_wconf 89' lang='lat' dir='ltr'><strong><em>intra</em></strong></span> <span class='ocrx_word' id='word_1_284' title='bbox 911 2439 1127 2522; x_wconf 89' lang='lat' dir='ltr'><strong><em>paucissimas</em></strong></span> <span class='ocrx_word' id='word_1_285' title='bbox 1149 2437 1248 2500; x_wconf 88' lang='lat' dir='ltr'><strong><em>horas</em></strong></span> <span class='ocrx_word' id='word_1_286' title='bbox 1270 2459 1420 2522; x_wconf 85' lang='lat' dir='ltr'><strong><em>perorare</em></strong></span> 
     </span>
     <span class='ocr_line' id='line_1_29' title="bbox 200 2517 1420 2605; baseline 0.002 -26"><span class='ocrx_word' id='word_1_287' title='bbox 200 2521 381 2605; x_wconf 78' lang='lat' dir='ltr'><strong><em>cogebatur</em></strong></span> <span class='ocrx_word' id='word_1_288' title='bbox 403 2531 436 2583; x_wconf 94' lang='lat' dir='ltr'><strong><em>et</em></strong></span> <span class='ocrx_word' id='word_1_289' title='bbox 457 2521 583 2582; x_wconf 85' lang='lat' dir='ltr'><strong><em>liberae</em></strong></span> <span class='ocrx_word' id='word_1_290' title='bbox 604 2517 964 2603; x_wconf 83' lang='lat' dir='ltr'><strong><em>comperendinationes</em></strong></span> <span class='ocrx_word' id='word_1_291' title='bbox 987 2530 1083 2584; x_wconf 89' lang='lat' dir='ltr'><strong><em>erant</em></strong></span> <span class='ocrx_word' id='word_1_292' title='bbox 1097 2529 1131 2583; x_wconf 88' lang='lat' dir='ltr'><strong><em>et</em></strong></span> <span class='ocrx_word' id='word_1_293' title='bbox 1148 2519 1283 2584; x_wconf 91' lang='lat' dir='ltr'><strong><em>modum</em></strong></span> <span class='ocrx_word' id='word_1_294' title='bbox 1300 2519 1420 2584; x_wconf 89' lang='lat' dir='ltr'><strong><em>dicendi</em></strong></span> 
     </span>
     <span class='ocr_line' id='line_1_30' title="bbox 199 2603 1420 2689; baseline 0.003 -25"><span class='ocrx_word' id='word_1_295' title='bbox 199 2603 265 2664; x_wconf 84' lang='lat' dir='ltr'><strong><em>sibi</em></strong></span> <span class='ocrx_word' id='word_1_296' title='bbox 286 2606 429 2686; x_wconf 85' lang='lat' dir='ltr'><strong><em>quisque</em></strong></span> <span class='ocrx_word' id='word_1_297' title='bbox 449 2605 618 2681; x_wconf 84' lang='lat' dir='ltr'><strong><em>sumebat,</em></strong></span> <span class='ocrx_word' id='word_1_298' title='bbox 657 2613 690 2666; x_wconf 89' lang='lat' dir='ltr'><strong><em>et</em></strong></span> <span class='ocrx_word' id='word_1_299' title='bbox 717 2623 877 2666; x_wconf 88' lang='lat' dir='ltr'><strong><em>numerus</em></strong></span> <span class='ocrx_word' id='word_1_300' title='bbox 907 2625 1016 2688; x_wconf 89' lang='lat' dir='ltr'><strong><em>neque</em></strong></span> <span class='ocrx_word' id='word_1_301' title='bbox 1037 2603 1168 2670; x_wconf 86' lang='lat' dir='ltr'><strong><em>dierum</em></strong></span> <span class='ocrx_word' id='word_1_302' title='bbox 1190 2625 1297 2688; x_wconf 85' lang='lat' dir='ltr'><strong><em>neque</em></strong></span> <span class='ocrx_word' id='word_1_303' title='bbox 1320 2615 1420 2689; x_wconf 87' lang='lat' dir='ltr'><strong><em>patro·</em></strong></span> 
     </span>
     <span class='ocr_line' id='line_1_31' title="bbox 164 2685 1420 2772; baseline 0.002 -26"><span class='ocrx_word' id='word_1_304' title='bbox 164 2695 170 2712; x_wconf 81' lang='grc'><em>·</em></span> <span class='ocrx_word' id='word_1_305' title='bbox 201 2705 323 2748; x_wconf 88' lang='lat' dir='ltr'><strong><em>norom</em></strong></span> <span class='ocrx_word' id='word_1_306' title='bbox 351 2687 540 2750; x_wconf 85' lang='lat' dir='ltr'><strong><em>finiebatur.</em></strong></span> <span class='ocrx_word' id='word_1_307' title='bbox 594 2687 727 2749; x_wconf 88' lang='lat' dir='ltr'><strong><em>Primus</em></strong></span> <span class='ocrx_word' id='word_1_308' title='bbox 756 2691 858 2749; x_wconf 86' lang='lat' dir='ltr'><strong><em>tertio</em></strong></span> <span class='ocrx_word' id='word_1_309' title='bbox 886 2691 1058 2750; x_wconf 87' lang='lat' dir='ltr'><strong><em>consulatu</em></strong></span> <span class='ocrx_word' id='word_1_310' title='bbox 1087 2685 1147 2750; x_wconf 85' lang='lat' dir='ltr'><strong><em>Cn.</em></strong></span> <span class='ocrx_word' id='word_1_311' title='bbox 1175 2687 1352 2772; x_wconf 85' lang='lat' dir='ltr'><strong><em>Pompeius</em></strong></span> <span class='ocrx_word' id='word_1_312' title='bbox 1372 2687 1420 2750; x_wconf 89' lang='lat' dir='ltr'><strong><em>ad·</em></strong></span> 
     </span>
     <span class='ocr_line' id='line_1_32' title="bbox 200 2771 1420 2856; baseline 0.001 -25"><span class='ocrx_word' id='word_1_313' title='bbox 200 2771 338 2831; x_wconf 85' lang='lat' dir='ltr'><strong><em>strinxit</em></strong></span> <span class='ocrx_word' id='word_1_314' title='bbox 357 2773 582 2854; x_wconf 87' lang='lat' dir='ltr'><strong><em>imposuitque</em></strong></span> <span class='ocrx_word' id='word_1_315' title='bbox 609 2773 715 2834; x_wconf 87' lang='lat' dir='ltr'><strong><em>veluti</em></strong></span> <span class='ocrx_word' id='word_1_316' title='bbox 743 2774 855 2834; x_wconf 86' lang='lat' dir='ltr'><strong><em>frenos</em></strong></span> <span class='ocrx_word' id='word_1_317' title='bbox 885 2774 1111 2856; x_wconf 81' lang='lat' dir='ltr'><strong><em>eloquentiae,</em></strong></span> <span class='ocrx_word' id='word_1_318' title='bbox 1148 2775 1197 2832; x_wconf 81' lang='lat' dir='ltr'><strong><em>ita</em></strong></span> <span class='ocrx_word' id='word_1_319' title='bbox 1224 2781 1354 2845; x_wconf 84' lang='lat' dir='ltr'><strong><em>temen,</em></strong></span> <span class='ocrx_word' id='word_1_320' title='bbox 1390 2781 1420 2833; x_wconf 87' lang='lat' dir='ltr'><strong><em>ut</em></strong></span> 
     </span>
    </p>
   </div>
   <div class='ocr_carea' id='block_1_12' title="bbox 200 2853 1420 3001">
    <p class='ocr_par' dir='ltr' id='par_1_13' title="bbox 200 2853 1420 3001">
     <span class='ocr_line' id='line_1_33' title="bbox 200 2853 1420 3001; baseline 0.003 -89"><span class='ocrx_word' id='word_1_321' title='bbox 200 2853 311 2914; x_wconf 92' lang='lat' dir='ltr'><strong><em>omnia</em></strong></span> <span class='ocrx_word' id='word_1_322' title='bbox 331 2853 367 2913; x_wconf 91' lang='lat' dir='ltr'><strong><em>in</em></strong></span> <span class='ocrx_word' id='word_1_323' title='bbox 390 2857 484 2925; x_wconf 85' lang='lat' dir='ltr'><strong><em>foro,</em></strong></span> <span class='ocrx_word' id='word_1_324' title='bbox 520 2857 631 2916; x_wconf 89' lang='lat' dir='ltr'><strong><em>omnia</em></strong></span> <span class='ocrx_word' id='word_1_325' title='bbox 654 2853 801 2941; x_wconf 88' lang='lat' dir='ltr'><strong><em>legibus,</em></strong></span> <span class='ocrx_word' id='word_1_326' title='bbox 839 2857 950 2917; x_wconf 89' lang='lat' dir='ltr'><strong><em>omnia</em></strong></span> <span class='ocrx_word' id='word_1_327' title='bbox 971 2854 1061 2939; x_wconf 86' lang='lat' dir='ltr'><strong><em>ap&#39;ud</em></strong></span> <span class='ocrx_word' id='word_1_328' title='bbox 1081 2863 1252 2938; x_wconf 87' lang='lat' dir='ltr'><strong><em>praetores</em></strong></span> <span class='ocrx_word' id='word_1_329' title='bbox 1272 2875 1420 3001; x_wconf 76' lang='lat' dir='ltr'><strong><em>geracen·</em></strong></span> 
     </span>
     <span class='ocr_line' id='line_1_34' title="bbox 1284 2965 1296 3000; baseline 0 0"><span class='ocrx_word' id='word_1_330' title='bbox 1284 2965 1296 3000; x_wconf 84' lang='lat'><em>1</em></span> 
     </span>
    </p>
   </div>
   <div class='ocr_carea' id='block_1_13' title="bbox 199 2933 1419 4305">
    <p class='ocr_par' dir='ltr' id='par_1_14' title="bbox 199 2933 1419 4305">
     <span class='ocr_line' id='line_1_35' title="bbox 200 2933 1419 3025; baseline 0.007 -31"><span class='ocrx_word' id='word_1_331' title='bbox 200 2943 279 2998; x_wconf 84' lang='lat' dir='ltr'><strong><em>tur:</em></strong></span> <span class='ocrx_word' id='word_1_332' title='bbox 302 2933 391 3018; x_wconf 88' lang='lat' dir='ltr'><strong><em>apud</em></strong></span> <span class='ocrx_word' id='word_1_333' title='bbox 413 2958 495 3019; x_wconf 83' lang='lat' dir='ltr'><strong><em>quos</em></strong></span> <span class='ocrx_word' id='word_1_334' title='bbox 517 2949 641 3019; x_wconf 86' lang='lat' dir='ltr'><strong><em>quanto</em></strong></span> <span class='ocrx_word' id='word_1_335' title='bbox 664 2940 791 2999; x_wconf 85' lang='lat' dir='ltr'><strong><em>maiora</em></strong></span> <span class='ocrx_word' id='word_1_336' title='bbox 812 2941 945 3025; x_wconf 87' lang='lat' dir='ltr'><strong><em>negotia</em></strong></span> <span class='ocrx_word' id='word_1_337' title='bbox 965 2942 1043 3000; x_wconf 90' lang='lat' dir='ltr'><strong><em>olim</em></strong></span> <span class='ocrx_word' id='word_1_338' title='bbox 1065 2939 1212 3002; x_wconf 84' lang='lat' dir='ltr'><strong><em>exerceri</em></strong></span> <span class='ocrx_word' id='word_1_339' title='bbox 1235 2960 1270 3001; x_wconf 89' lang='lat' dir='ltr'><strong><em>so</em></strong></span> <span class='ocrx_word' id='word_1_340' title='bbox 1297 2949 1331 3001; x_wconf 81' lang='lat' dir='ltr'><strong><em>ta</em></strong></span> <span class='ocrx_word' id='word_1_341' title='bbox 1352 2943 1419 3018; x_wconf 88' lang='lat' dir='ltr'><strong><em>sint,</em></strong></span> 
     </span>
     <span class='ocr_line' id='line_1_36' title="bbox 200 3017 1419 3106; baseline 0.004 -28"><span class='ocrx_word' id='word_1_342' title='bbox 200 3017 289 3098; x_wconf 91' lang='lat' dir='ltr'><strong><em>quod</em></strong></span> <span class='ocrx_word' id='word_1_343' title='bbox 311 3022 419 3080; x_wconf 90' lang='lat' dir='ltr'><strong><em>maius</em></strong></span> <span class='ocrx_word' id='word_1_344' title='bbox 442 3032 676 3106; x_wconf 83' lang='lat' dir='ltr'><strong><em>argumentum</em></strong></span> <span class='ocrx_word' id='word_1_345' title='bbox 698 3029 768 3093; x_wconf 87' lang='lat' dir='ltr'><strong><em>est,</em></strong></span> <span class='ocrx_word' id='word_1_346' title='bbox 791 3041 891 3102; x_wconf 83' lang='lat' dir='ltr'><strong><em>qnam</em></strong></span> <span class='ocrx_word' id='word_1_347' title='bbox 912 3022 1002 3106; x_wconf 90' lang='lat' dir='ltr'><strong><em>quod</em></strong></span> <span class='ocrx_word' id='word_1_348' title='bbox 1023 3043 1139 3084; x_wconf 87' lang='lat' dir='ltr'><strong><em>causae</em></strong></span> <span class='ocrx_word' id='word_1_349' title='bbox 1161 3026 1419 3100; x_wconf 76' lang='lat' dir='ltr'><strong><em>centumvitales,</em></strong></span> 
     </span>
     <span class='ocr_line' id='line_1_37' title="bbox 200 3104 1419 3244; baseline 0.006 -83"><span class='ocrx_word' id='word_1_350' title='bbox 200 3120 285 3244; x_wconf 37' lang='grc' dir='ltr'><strong><em>ἱππ</em></strong></span> <span class='ocrx_word' id='word_1_351' title='bbox 306 3122 395 3163; x_wconf 91' lang='lat' dir='ltr'><strong><em>nunc</em></strong></span> <span class='ocrx_word' id='word_1_352' title='bbox 416 3106 562 3184; x_wconf 86' lang='lat' dir='ltr'><strong><em>primum</em></strong></span> <span class='ocrx_word' id='word_1_353' title='bbox 585 3105 734 3166; x_wconf 83' lang='lat' dir='ltr'><strong><em>obtinent</em></strong></span> <span class='ocrx_word' id='word_1_354' title='bbox 754 3105 885 3184; x_wconf 90' lang='lat' dir='ltr'><strong><em>locum,</em></strong></span> <span class='ocrx_word' id='word_1_355' title='bbox 914 3105 996 3168; x_wconf 87' lang='lat' dir='ltr'><strong><em>adeo</em></strong></span> <span class='ocrx_word' id='word_1_356' title='bbox 1018 3104 1194 3189; x_wconf 85' lang='lat' dir='ltr'><strong><em>splendore</em></strong></span> <span class='ocrx_word' id='word_1_357' title='bbox 1214 3109 1356 3169; x_wconf 84' lang='lat' dir='ltr'><strong><em>aliorum</em></strong></span> <span class='ocrx_word' id='word_1_358' title='bbox 1376 3110 1419 3168; x_wconf 87' lang='lat' dir='ltr'><strong><em>iu-</em></strong></span> 
     </span>
     <span class='ocr_line' id='line_1_38' title="bbox 225 3185 1419 3271; baseline 0.007 -27"><span class='ocrx_word' id='word_1_359' title='bbox 225 3185 365 3246; x_wconf 91' lang='lat' dir='ltr'><strong><em>&#39;ciorum</em></strong></span> <span class='ocrx_word' id='word_1_360' title='bbox 386 3187 629 3257; x_wconf 84' lang='lat' dir='ltr'><strong><em>obruebantur,</em></strong></span> <span class='ocrx_word' id='word_1_361' title='bbox 653 3197 691 3250; x_wconf 87' lang='lat' dir='ltr'><strong><em>ut</em></strong></span> <span class='ocrx_word' id='word_1_362' title='bbox 711 3207 819 3270; x_wconf 89' lang='lat' dir='ltr'><strong><em>neque</em></strong></span> <span class='ocrx_word' id='word_1_363' title='bbox 841 3185 1028 3269; x_wconf 86' lang='lat' dir='ltr'><strong><em>Ciceronis,</em></strong></span> <span class='ocrx_word' id='word_1_364' title='bbox 1050 3209 1158 3271; x_wconf 86' lang='lat' dir='ltr'><strong><em>neque</em></strong></span> <span class='ocrx_word' id='word_1_365' title='bbox 1181 3187 1350 3261; x_wconf 83' lang='lat' dir='ltr'><strong><em>Caesaris,</em></strong></span> <span class='ocrx_word' id='word_1_366' title='bbox 1372 3211 1419 3252; x_wconf 85' lang='lat' dir='ltr'><strong><em>oe-</em></strong></span> 
     </span>
     <span class='ocr_line' id='line_1_39' title="bbox 199 3266 1419 3356; baseline 0.004 -29"><span class='ocrx_word' id='word_1_367' title='bbox 199 3287 264 3349; x_wconf 89' lang='lat' dir='ltr'><strong><em>que</em></strong></span> <span class='ocrx_word' id='word_1_368' title='bbox 285 3266 404 3348; x_wconf 85' lang='lat' dir='ltr'><strong><em>Bruti,</em></strong></span> <span class='ocrx_word' id='word_1_369' title='bbox 434 3289 541 3352; x_wconf 90' lang='lat' dir='ltr'><strong><em>neque</em></strong></span> <span class='ocrx_word' id='word_1_370' title='bbox 563 3269 687 3350; x_wconf 79' lang='lat' dir='ltr'><strong><em>Coelii,</em></strong></span> <span class='ocrx_word' id='word_1_371' title='bbox 718 3291 826 3352; x_wconf 87' lang='lat' dir='ltr'><strong><em>neque</em></strong></span> <span class='ocrx_word' id='word_1_372' title='bbox 848 3269 958 3342; x_wconf 84' lang='lat' dir='ltr'><strong><em>Calvi,</em></strong></span> <span class='ocrx_word' id='word_1_373' title='bbox 987 3293 1054 3334; x_wconf 90' lang='lat' dir='ltr'><strong><em>non</em></strong></span> <span class='ocrx_word' id='word_1_374' title='bbox 1076 3271 1219 3356; x_wconf 88' lang='lat' dir='ltr'><strong><em>denique</em></strong></span> <span class='ocrx_word' id='word_1_375' title='bbox 1240 3273 1342 3336; x_wconf 89' lang='lat' dir='ltr'><strong><em>ullius</em></strong></span> <span class='ocrx_word' id='word_1_376' title='bbox 1361 3293 1419 3332; x_wconf 85' lang='lat' dir='ltr'><strong><em>ma-</em></strong></span> 
     </span>
     <span class='ocr_line' id='line_1_40' title="bbox 199 3353 1419 3440; baseline 0.005 -30"><span class='ocrx_word' id='word_1_377' title='bbox 199 3353 257 3436; x_wconf 89' lang='lat' dir='ltr'><strong><em>gni</em></strong></span> <span class='ocrx_word' id='word_1_378' title='bbox 278 3355 422 3414; x_wconf 84' lang='lat' dir='ltr'><strong><em>oratoris</em></strong></span> <span class='ocrx_word' id='word_1_379' title='bbox 444 3354 546 3431; x_wconf 85' lang='lat' dir='ltr'><strong><em>liber,</em></strong></span> <span class='ocrx_word' id='word_1_380' title='bbox 581 3353 670 3437; x_wconf 89' lang='lat' dir='ltr'><strong><em>apud</em></strong></span> <span class='ocrx_word' id='word_1_381' title='bbox 691 3358 918 3418; x_wconf 89' lang='lat' dir='ltr'><strong><em>centumviros</em></strong></span> <span class='ocrx_word' id='word_1_382' title='bbox 940 3354 1064 3436; x_wconf 88' lang='lat' dir='ltr'><strong><em>dictus,</em></strong></span> <span class='ocrx_word' id='word_1_383' title='bbox 1103 3357 1252 3440; x_wconf 85' lang='lat' dir='ltr'><strong><em>legatur,</em></strong></span> <span class='ocrx_word' id='word_1_384' title='bbox 1282 3359 1419 3440; x_wconf 85' lang='lat' dir='ltr'><strong><em>exceptis</em></strong></span> 
     </span>
     <span class='ocr_line' id='line_1_41' title="bbox 200 3435 1419 3521; baseline 0.004 -27"><span class='ocrx_word' id='word_1_385' title='bbox 200 3436 409 3498; x_wconf 88' lang='lat' dir='ltr'><strong><em>orationibus</em></strong></span> <span class='ocrx_word' id='word_1_386' title='bbox 431 3435 560 3506; x_wconf 83' lang='lat' dir='ltr'><strong><em>Asinii,</em></strong></span> <span class='ocrx_word' id='word_1_387' title='bbox 600 3457 685 3521; x_wconf 88' lang='lat' dir='ltr'><strong><em>quae</em></strong></span> <span class='ocrx_word' id='word_1_388' title='bbox 713 3458 773 3514; x_wconf 85' lang='lat' dir='ltr'><strong><em>pro</em></strong></span> <span class='ocrx_word' id='word_1_389' title='bbox 806 3439 975 3500; x_wconf 83' lang='lat' dir='ltr'><strong><em>heredibus</em></strong></span> <span class='ocrx_word' id='word_1_390' title='bbox 1000 3441 1158 3500; x_wconf 84' lang='lat' dir='ltr'><strong><em>Urbiniae</em></strong></span> <span class='ocrx_word' id='word_1_391' title='bbox 1185 3441 1419 3518; x_wconf 85' lang='lat' dir='ltr'><strong><em>inscribuntur,</em></strong></span> 
     </span>
     <span class='ocr_line' id='line_1_42' title="bbox 199 3519 1418 3610; baseline 0.006 -33"><span class='ocrx_word' id='word_1_392' title='bbox 199 3519 334 3603; x_wconf 86' lang='lat' dir='ltr'><strong><em>abipso</em></strong></span> <span class='ocrx_word' id='word_1_393' title='bbox 356 3528 466 3582; x_wconf 88' lang='lat' dir='ltr'><strong><em>tamen</em></strong></span> <span class='ocrx_word' id='word_1_394' title='bbox 488 3519 653 3600; x_wconf 88' lang='lat' dir='ltr'><strong><em>Pollione,</em></strong></span> <span class='ocrx_word' id='word_1_395' title='bbox 684 3519 802 3584; x_wconf 89' lang='lat' dir='ltr'><strong><em>mediis</em></strong></span> <span class='ocrx_word' id='word_1_396' title='bbox 825 3521 896 3584; x_wconf 88' lang='lat' dir='ltr'><strong><em>divi</em></strong></span> <span class='ocrx_word' id='word_1_397' title='bbox 916 3521 1061 3610; x_wconf 79' lang='lat' dir='ltr'><strong><em>Augusti</em></strong></span> <span class='ocrx_word' id='word_1_398' title='bbox 1082 3523 1309 3606; x_wconf 88' lang='lat' dir='ltr'><strong><em>temporibus,</em></strong></span> <span class='ocrx_word' id='word_1_399' title='bbox 1337 3523 1418 3585; x_wconf 83' lang='lat' dir='ltr'><strong><em>habi·</em></strong></span> 
     </span>
     <span class='ocr_line' id='line_1_43' title="bbox 199 3605 1418 3692; baseline 0.002 -29"><span class='ocrx_word' id='word_1_400' title='bbox 199 3609 263 3680; x_wconf 85' lang='lat' dir='ltr'><strong><em>tae,</em></strong></span> <span class='ocrx_word' id='word_1_401' title='bbox 286 3610 461 3686; x_wconf 90' lang='lat' dir='ltr'><strong><em>postquam</em></strong></span> <span class='ocrx_word' id='word_1_402' title='bbox 481 3605 578 3690; x_wconf 89' lang='lat' dir='ltr'><strong><em>longa</em></strong></span> <span class='ocrx_word' id='word_1_403' title='bbox 593 3614 781 3688; x_wconf 88' lang='lat' dir='ltr'><strong><em>temporum</em></strong></span> <span class='ocrx_word' id='word_1_404' title='bbox 804 3609 897 3688; x_wconf 90' lang='lat' dir='ltr'><strong><em>quies</em></strong></span> <span class='ocrx_word' id='word_1_405' title='bbox 919 3615 952 3668; x_wconf 91' lang='lat' dir='ltr'><strong><em>et</em></strong></span> <span class='ocrx_word' id='word_1_406' title='bbox 969 3610 1162 3670; x_wconf 90' lang='lat' dir='ltr'><strong><em>continuum</em></strong></span> <span class='ocrx_word' id='word_1_407' title='bbox 1185 3609 1303 3692; x_wconf 91' lang='lat' dir='ltr'><strong><em>populi</em></strong></span> <span class='ocrx_word' id='word_1_408' title='bbox 1324 3611 1418 3670; x_wconf 85' lang='lat' dir='ltr'><strong><em>otium</em></strong></span> 
     </span>
     <span class='ocr_line' id='line_1_44' title="bbox 200 3683 1418 3776; baseline 0.005 -32"><span class='ocrx_word' id='word_1_409' title='bbox 200 3693 234 3744; x_wconf 87' lang='lat' dir='ltr'><strong><em>et</em></strong></span> <span class='ocrx_word' id='word_1_410' title='bbox 264 3683 398 3748; x_wconf 88' lang='lat' dir='ltr'><strong><em>assidua</em></strong></span> <span class='ocrx_word' id='word_1_411' title='bbox 425 3697 558 3750; x_wconf 86' lang='lat' dir='ltr'><strong><em>senatus</em></strong></span> <span class='ocrx_word' id='word_1_412' title='bbox 588 3691 811 3774; x_wconf 86' lang='lat' dir='ltr'><strong><em>tranquillitas</em></strong></span> <span class='ocrx_word' id='word_1_413' title='bbox 842 3699 876 3751; x_wconf 89' lang='lat' dir='ltr'><strong><em>et</em></strong></span> <span class='ocrx_word' id='word_1_414' title='bbox 903 3693 1039 3752; x_wconf 84' lang='lat' dir='ltr'><strong><em>maximi</em></strong></span> <span class='ocrx_word' id='word_1_415' title='bbox 1062 3691 1229 3775; x_wconf 88' lang='lat' dir='ltr'><strong><em>Principis</em></strong></span> <span class='ocrx_word' id='word_1_416' title='bbox 1256 3690 1418 3776; x_wconf 86' lang='lat' dir='ltr'><strong><em>disciplina</em></strong></span> 
     </span>
     <span class='ocr_line' id='line_1_45' title="bbox 199 3769 1285 3859; baseline 0.007 -32"><span class='ocrx_word' id='word_1_417' title='bbox 199 3769 304 3849; x_wconf 85' lang='lat' dir='ltr'><strong><em>ipsam</em></strong></span> <span class='ocrx_word' id='word_1_418' title='bbox 325 3789 458 3858; x_wconf 88' lang='lat' dir='ltr'><strong><em>quoquc</em></strong></span> <span class='ocrx_word' id='word_1_419' title='bbox 479 3774 720 3855; x_wconf 86' lang='lat' dir='ltr'><strong><em>eloquentiam,</em></strong></span> <span class='ocrx_word' id='word_1_420' title='bbox 743 3775 830 3834; x_wconf 89' lang='lat' dir='ltr'><strong><em>sicut</em></strong></span> <span class='ocrx_word' id='word_1_421' title='bbox 850 3775 960 3834; x_wconf 72' lang='lat' dir='ltr'><strong><em>curnis</em></strong></span> <span class='ocrx_word' id='word_1_422' title='bbox 982 3777 1062 3854; x_wconf 87' lang='lat' dir='ltr'><strong><em>alia,</em></strong></span> <span class='ocrx_word' id='word_1_423' title='bbox 1084 3779 1285 3859; x_wconf 71' lang='lat' dir='ltr'><strong><em>pacaverat?</em></strong></span> 
     </span>
     <span class='ocr_line' id='line_1_46' title="bbox 272 3867 1418 3942; baseline 0.004 -24"><span class='ocrx_word' id='word_1_424' title='bbox 272 3869 297 3919; x_wconf 84' lang='grc'><strong><em>1.</em></strong></span> <span class='ocrx_word' id='word_1_425' title='bbox 336 3868 375 3919; x_wconf 86' lang='lat' dir='ltr'><strong><em>ad</em></strong></span> <span class='ocrx_word' id='word_1_426' title='bbox 383 3867 510 3936; x_wconf 78' lang='lat' dir='ltr'><strong><em>sormam</em></strong></span> <span class='ocrx_word' id='word_1_427' title='bbox 530 3869 593 3922; x_wconf 89' lang='lat' dir='ltr'><strong><em>edd.</em></strong></span> <span class='ocrx_word' id='word_1_428' title='bbox 615 3871 676 3922; x_wconf 74' lang='lat' dir='ltr'><strong><em>l‘ut.</em></strong></span> <span class='ocrx_word' id='word_1_429' title='bbox 697 3869 759 3922; x_wconf 82' lang='lat' dir='ltr'><strong><em>iiio.</em></strong></span> <span class='ocrx_word' id='word_1_430' title='bbox 780 3879 808 3922; x_wconf 85' lang='lat' dir='ltr'><strong><em>ct</em></strong></span> <span class='ocrx_word' id='word_1_431' title='bbox 828 3870 933 3926; x_wconf 86' lang='lat' dir='ltr'><strong><em>deinde</em></strong></span> <span class='ocrx_word' id='word_1_432' title='bbox 952 3889 1060 3925; x_wconf 87' lang='lat' dir='ltr'><strong><em>omnes.</em></strong></span> <span class='ocrx_word' id='word_1_433' title='bbox 1095 3873 1134 3924; x_wconf 88' lang='lat' dir='ltr'><strong><em>ad</em></strong></span> <span class='ocrx_word' id='word_1_434' title='bbox 1143 3869 1300 3940; x_wconf 69' lang='lat' dir='ltr'><strong><em>somonam</em></strong></span> <span class='ocrx_word' id='word_1_435' title='bbox 1319 3875 1362 3927; x_wconf 88' lang='lat' dir='ltr'><strong><em>ed.</em></strong></span> <span class='ocrx_word' id='word_1_436' title='bbox 1380 3889 1418 3942; x_wconf 84' lang='lat' dir='ltr'><strong><em>pr.</em></strong></span> 
     </span>
     <span class='ocr_line' id='line_1_47' title="bbox 200 3945 1418 4016; baseline 0.006 -27"><span class='ocrx_word' id='word_1_437' title='bbox 200 3965 236 3978; x_wconf 86' lang='lat'><em>-</em></span> <span class='ocrx_word' id='word_1_438' title='bbox 271 3955 340 4008; x_wconf 85' lang='lat' dir='ltr'><strong><em>quae</em></strong></span> <span class='ocrx_word' id='word_1_439' title='bbox 364 3945 418 3994; x_wconf 79' lang='lat' dir='ltr'><strong><em>etsi</em></strong></span> <span class='ocrx_word' id='word_1_440' title='bbox 441 3961 515 3995; x_wconf 90' lang='lat' dir='ltr'><strong><em>nunc</em></strong></span> <span class='ocrx_word' id='word_1_441' title='bbox 539 3945 636 4011; x_wconf 84' lang='lat' dir='ltr'><strong><em>aptior</em></strong></span> <span class='ocrx_word' id='word_1_442' title='bbox 655 3951 693 3996; x_wconf 85' lang='lat' dir='ltr'><strong><em>est</em></strong></span> <span class='ocrx_word' id='word_1_443' title='bbox 713 3982 719 3994; x_wconf 86' lang='lat'><strong>.</strong></span> <span class='ocrx_word' id='word_1_444' title='bbox 743 3981 749 3994; x_wconf 90' lang='lat'><strong>.</strong></span> <span class='ocrx_word' id='word_1_445' title='bbox 770 3983 794 4004; x_wconf 94' lang='lat'><strong><em>.,</em></strong></span> <span class='ocrx_word' id='word_1_446' title='bbox 822 3947 1006 4015; x_wconf 79' lang='lat' dir='ltr'><strong><em>eloquentiam</em></strong></span> <span class='ocrx_word' id='word_1_447' title='bbox 1025 3954 1118 3998; x_wconf 76' lang='lat' dir='ltr'><strong><em>tamen</em></strong></span> <span class='ocrx_word' id='word_1_448' title='bbox 1137 3947 1212 3998; x_wconf 81' lang='lat' dir='ltr'><strong><em>illud</em></strong></span> <span class='ocrx_word' id='word_1_449' title='bbox 1220 3945 1319 4015; x_wconf 86' lang='lat' dir='ltr'><strong><em>sorum</em></strong></span> <span class='ocrx_word' id='word_1_450' title='bbox 1336 3951 1418 4016; x_wconf 85' lang='lat' dir='ltr'><strong><em>magis</em></strong></span> 
     </span>
     <span class='ocr_line' id='line_1_48' title="bbox 200 4011 1418 4088; baseline 0.007 -28"><span class='ocrx_word' id='word_1_451' title='bbox 200 4011 354 4075; x_wconf 75' lang='lat' dir='ltr'><strong><em>exercebat,</em></strong></span> <span class='ocrx_word' id='word_1_452' title='bbox 373 4017 401 4065; x_wconf 74' lang='grc' dir='ltr'><strong><em>ν’.</em></strong></span> <span class='ocrx_word' id='word_1_453' title='bbox 422 4015 459 4067; x_wconf 86' lang='lat' dir='ltr'><strong><em>ad</em></strong></span> <span class='ocrx_word' id='word_1_454' title='bbox 478 4031 502 4067; x_wconf 80' lang='lat' dir='ltr'><strong><em>c,</em></strong></span> <span class='ocrx_word' id='word_1_455' title='bbox 523 4019 568 4070; x_wconf 84' lang='lat'><strong><em>36.</em></strong></span> <span class='ocrx_word' id='word_1_456' title='bbox 589 4033 616 4067; x_wconf 93' lang='lat' dir='ltr'><strong><em>n.</em></strong></span> <span class='ocrx_word' id='word_1_457' title='bbox 636 4019 662 4070; x_wconf 88' lang='lat'><strong><em>3.</em></strong></span> <span class='ocrx_word' id='word_1_458' title='bbox 701 4013 779 4068; x_wconf 88' lang='lat' dir='ltr'><strong><em>Nunc</em></strong></span> <span class='ocrx_word' id='word_1_459' title='bbox 798 4025 907 4085; x_wconf 80' lang='lat' dir='ltr'><strong><em>spectat</em></strong></span> <span class='ocrx_word' id='word_1_460' title='bbox 926 4017 961 4070; x_wconf 89' lang='lat' dir='ltr'><strong><em>ad</em></strong></span> <span class='ocrx_word' id='word_1_461' title='bbox 980 4025 1112 4088; x_wconf 86' lang='lat' dir='ltr'><strong><em>tempora</em></strong></span> <span class='ocrx_word' id='word_1_462' title='bbox 1131 4023 1294 4075; x_wconf 84' lang='lat' dir='ltr'><strong><em>recentiora</em></strong></span> <span class='ocrx_word' id='word_1_463' title='bbox 1313 4037 1418 4073; x_wconf 88' lang='lat' dir='ltr'><strong><em>eorum·</em></strong></span> 
     </span>
     <span class='ocr_line' id='line_1_49' title="bbox 201 4085 1417 4158; baseline 0.003 -20"><span class='ocrx_word' id='word_1_464' title='bbox 201 4099 257 4150; x_wconf 83' lang='lat' dir='ltr'><strong><em>que</em></strong></span> <span class='ocrx_word' id='word_1_465' title='bbox 276 4085 464 4150; x_wconf 75' lang='lat' dir='ltr'><strong><em>felicitatem,</em></strong></span> <span class='ocrx_word' id='word_1_466' title='bbox 485 4087 534 4147; x_wconf 85' lang='lat' dir='ltr'><strong><em>(de</em></strong></span> <span class='ocrx_word' id='word_1_467' title='bbox 554 4101 608 4156; x_wconf 87' lang='lat' dir='ltr'><strong><em>qua</em></strong></span> <span class='ocrx_word' id='word_1_468' title='bbox 628 4105 655 4139; x_wconf 82' lang='lat' dir='ltr'><strong><em>v.</em></strong></span> <span class='ocrx_word' id='word_1_469' title='bbox 678 4089 713 4139; x_wconf 88' lang='lat' dir='ltr'><strong><em>ll.</em></strong></span> <span class='ocrx_word' id='word_1_470' title='bbox 735 4093 767 4152; x_wconf 89' lang='lat'><strong><em>1,</em></strong></span> <span class='ocrx_word' id='word_1_471' title='bbox 789 4094 904 4153; x_wconf 72' lang='lat' dir='ltr'><strong><em>icrtr.)</em></strong></span> <span class='ocrx_word' id='word_1_472' title='bbox 930 4089 1113 4158; x_wconf 83' lang='lat' dir='ltr'><strong><em>illudsarunr</em></strong></span> <span class='ocrx_word' id='word_1_473' title='bbox 1132 4092 1168 4144; x_wconf 80' lang='lat' dir='ltr'><strong><em>sd</em></strong></span> <span class='ocrx_word' id='word_1_474' title='bbox 1187 4103 1295 4147; x_wconf 82' lang='lat' dir='ltr'><strong><em>vetera.</em></strong></span> <span class='ocrx_word' id='word_1_475' title='bbox 1332 4101 1417 4145; x_wconf 81' lang='lat' dir='ltr'><strong><em>tamen</em></strong></span> 
     </span>
     <span class='ocr_line' id='line_1_50' title="bbox 201 4155 1417 4237; baseline 0.007 -31"><span class='ocrx_word' id='word_1_476' title='bbox 201 4157 276 4208; x_wconf 85' lang='lat' dir='ltr'><strong><em>illud</em></strong></span> <span class='ocrx_word' id='word_1_477' title='bbox 283 4155 383 4227; x_wconf 80' lang='lat' dir='ltr'><strong><em>sorum</em></strong></span> <span class='ocrx_word' id='word_1_478' title='bbox 402 4158 478 4213; x_wconf 85' lang='lat' dir='ltr'>MSS.</span> <span class='ocrx_word' id='word_1_479' title='bbox 499 4161 561 4212; x_wconf 81' lang='lat' dir='ltr'><strong><em>Vnt.</em></strong></span> <span class='ocrx_word' id='word_1_480' title='bbox 600 4159 656 4212; x_wconf 86' lang='lat' dir='ltr'><strong><em>Sed</em></strong></span> <span class='ocrx_word' id='word_1_481' title='bbox 674 4179 742 4230; x_wconf 87' lang='lat' dir='ltr'><strong><em>quas</em></strong></span> <span class='ocrx_word' id='word_1_482' title='bbox 760 4166 813 4214; x_wconf 83' lang='lat' dir='ltr'><strong><em>etsi</em></strong></span> <span class='ocrx_word' id='word_1_483' title='bbox 830 4181 905 4216; x_wconf 87' lang='lat' dir='ltr'><strong><em>nunc</em></strong></span> <span class='ocrx_word' id='word_1_484' title='bbox 922 4167 1020 4234; x_wconf 82' lang='lat' dir='ltr'><strong><em>aptior</em></strong></span> <span class='ocrx_word' id='word_1_485' title='bbox 1040 4173 1094 4219; x_wconf 78' lang='lat' dir='ltr'><strong><em>cst:</em></strong></span> <span class='ocrx_word' id='word_1_486' title='bbox 1126 4170 1169 4218; x_wconf 89' lang='lat' dir='ltr'><strong><em>ita</em></strong></span> <span class='ocrx_word' id='word_1_487' title='bbox 1187 4171 1243 4220; x_wconf 87' lang='lat' dir='ltr'><strong><em>erlt</em></strong></span> <span class='ocrx_word' id='word_1_488' title='bbox 1260 4169 1417 4237; x_wconf 49' lang='lat' dir='ltr'><strong><em>eloquentia,</em></strong></span> 
     </span>
     <span class='ocr_line' id='line_1_51' title="bbox 201 4231 1417 4305; baseline 0.007 -25"><span class='ocrx_word' id='word_1_489' title='bbox 201 4237 310 4284; x_wconf 76' lang='lat' dir='ltr'><strong><em>tarstscm</em></strong></span> <span class='ocrx_word' id='word_1_490' title='bbox 329 4232 378 4285; x_wconf 86' lang='lat' dir='ltr'><strong><em>vel</em></strong></span> <span class='ocrx_word' id='word_1_491' title='bbox 404 4239 488 4290; x_wconf 85' lang='lat' dir='ltr'><strong><em>tanto</em></strong></span> <span class='ocrx_word' id='word_1_492' title='bbox 510 4233 584 4286; x_wconf 86' lang='lat' dir='ltr'><strong><em>illud</em></strong></span> <span class='ocrx_word' id='word_1_493' title='bbox 600 4231 700 4302; x_wconf 81' lang='lat' dir='ltr'><strong><em>sorum</em></strong></span> <span class='ocrx_word' id='word_1_494' title='bbox 728 4251 764 4285; x_wconf 90' lang='lat' dir='ltr'><strong><em>m.</em></strong></span> <span class='ocrx_word' id='word_1_495' title='bbox 791 4253 811 4286; x_wconf 87' lang='lat' dir='ltr'><strong><em>e.</em></strong></span> <span class='ocrx_word' id='word_1_496' title='bbox 838 4235 881 4288; x_wconf 88' lang='lat' dir='ltr'><strong><em>ed.</em></strong></span> <span class='ocrx_word' id='word_1_497' title='bbox 907 4253 952 4305; x_wconf 85' lang='lat' dir='ltr'><strong><em>pr.</em></strong></span> <span class='ocrx_word' id='word_1_498' title='bbox 977 4239 1037 4289; x_wconf 88' lang='lat' dir='ltr'><strong><em>Put.</em></strong></span> <span class='ocrx_word' id='word_1_499' title='bbox 1066 4237 1131 4290; x_wconf 75' lang='lat' dir='ltr'><strong><em>aiv.</em></strong></span> <span class='ocrx_word' id='word_1_500' title='bbox 1159 4237 1222 4292; x_wconf 83' lang='lat' dir='ltr'><strong><em>Ber.</em></strong></span> <span class='ocrx_word' id='word_1_501' title='bbox 1243 4237 1334 4292; x_wconf 86' lang='lat' dir='ltr'><strong><em>Ilben.</em></strong></span> <span class='ocrx_word' id='word_1_502' title='bbox 1354 4247 1417 4296; x_wconf 83' lang='lat' dir='ltr'><strong><em>tres,</em></strong></span> 
     </span>
    </p>
   </div>
   <div class='ocr_carea' id='block_1_14' title="bbox 200 4303 1417 4456">
    <p class='ocr_par' dir='ltr' id='par_1_15' title="bbox 200 4303 1417 4456">
     <span class='ocr_line' id='line_1_52' title="bbox 201 4303 1417 4376; baseline 0.007 -22"><span class='ocrx_word' id='word_1_503' title='bbox 201 4303 266 4356; x_wconf 79' lang='lat' dir='ltr'><strong><em>nlo.</em></strong></span> <span class='ocrx_word' id='word_1_504' title='bbox 287 4311 342 4358; x_wconf 88' lang='lat' dir='ltr'><strong><em>cet.</em></strong></span> <span class='ocrx_word' id='word_1_505' title='bbox 362 4313 428 4357; x_wconf 89' lang='lat' dir='ltr'><strong><em>ante</em></strong></span> <span class='ocrx_word' id='word_1_506' title='bbox 446 4304 526 4358; x_wconf 86' lang='lat' dir='ltr'><strong><em>Brot.</em></strong></span> <span class='ocrx_word' id='word_1_507' title='bbox 566 4305 640 4371; x_wconf 81' lang='lat' dir='ltr'><strong><em>Quid</em></strong></span> <span class='ocrx_word' id='word_1_508' title='bbox 659 4321 729 4360; x_wconf 83' lang='lat' dir='ltr'><strong><em>vero</em></strong></span> <span class='ocrx_word' id='word_1_509' title='bbox 749 4307 837 4360; x_wconf 85' lang='lat' dir='ltr'><strong><em>lateat</em></strong></span> <span class='ocrx_word' id='word_1_510' title='bbox 857 4308 888 4358; x_wconf 91' lang='lat' dir='ltr'><strong><em>in</em></strong></span> <span class='ocrx_word' id='word_1_511' title='bbox 908 4314 952 4361; x_wconf 87' lang='lat' dir='ltr'><strong><em>ita</em></strong></span> <span class='ocrx_word' id='word_1_512' title='bbox 970 4313 1041 4373; x_wconf 82' lang='lat' dir='ltr'><strong><em>crit,</em></strong></span> <span class='ocrx_word' id='word_1_513' title='bbox 1060 4309 1112 4362; x_wconf 91' lang='lat' dir='ltr'><strong><em>Dii</em></strong></span> <span class='ocrx_word' id='word_1_514' title='bbox 1131 4311 1243 4376; x_wconf 74' lang='lat' dir='ltr'><strong><em>sciunt3</em></strong></span> <span class='ocrx_word' id='word_1_515' title='bbox 1266 4313 1310 4364; x_wconf 84' lang='lat' dir='ltr'><strong><em>Os.</em></strong></span> <span class='ocrx_word' id='word_1_516' title='bbox 1347 4303 1417 4362; x_wconf 76' lang='lat' dir='ltr'><strong><em>iiste·</em></strong></span> 
     </span>
     <span class='ocr_line' id='line_1_53' title="bbox 200 4375 1417 4456; baseline 0.005 -30"><span class='ocrx_word' id='word_1_517' title='bbox 200 4376 326 4443; x_wconf 79' lang='lat' dir='ltr'><strong><em>siacum,</em></strong></span> <span class='ocrx_word' id='word_1_518' title='bbox 347 4375 466 4431; x_wconf 74' lang='lat' dir='ltr'><strong><em>lacunae</em></strong></span> <span class='ocrx_word' id='word_1_519' title='bbox 486 4379 623 4448; x_wconf 81' lang='lat' dir='ltr'><strong><em>signum,-</em></strong></span> <span class='ocrx_word' id='word_1_520' title='bbox 647 4377 754 4431; x_wconf 87' lang='lat' dir='ltr'><strong><em>horum</em></strong></span> <span class='ocrx_word' id='word_1_521' title='bbox 776 4397 855 4432; x_wconf 79' lang='lat' dir='ltr'><strong><em>voce.</em></strong></span> <span class='ocrx_word' id='word_1_522' title='bbox 877 4381 942 4434; x_wconf 90' lang='lat' dir='ltr'><strong><em>loco</em></strong></span> <span class='ocrx_word' id='word_1_523' title='bbox 961 4383 1131 4456; x_wconf 81' lang='lat' dir='ltr'><strong><em>adiecerunt</em></strong></span> <span class='ocrx_word' id='word_1_524' title='bbox 1151 4383 1228 4454; x_wconf 80' lang='lat' dir='ltr'><strong><em>hips.</em></strong></span> <span class='ocrx_word' id='word_1_525' title='bbox 1250 4383 1322 4438; x_wconf 86' lang='lat' dir='ltr'><strong><em>Pitb.</em></strong></span> <span class='ocrx_word' id='word_1_526' title='bbox 1342 4383 1417 4435; x_wconf 85' lang='lat' dir='ltr'><strong><em>Beru</em></strong></span> 
     </span>
    </p>
   </div>
   <div class='ocr_carea' id='block_1_15' title="bbox 0 0 1459 4802">
    <p class='ocr_par' dir='ltr' id='par_1_16' title="bbox 0 0 1459 4802">
     <span class='ocr_line' id='line_1_54' title="bbox 0 0 1459 4802; baseline 0 0"><span class='ocrx_word' id='word_1_527' title='bbox 0 0 1459 4802; x_wconf 95' lang='lat' dir='ltr'><strong><em> </em></strong></span> 
     </span>
    </p>
   </div>
  </div>
 </body>
</html>
