2792 4792
197 200 257 265 ιιι
358 145 363 156 ’
554 193 808 264 mnemon
828 195 1063 262 omniun

196 381 252 434 que
272 363 357 418 etiam
377 363 409 416 in
427 359 577 433 capiendis
594 363 689 420 usuris
707 363 748 416 ita
766 379 917 430 exercere,
934 370 968 416 ut
987 361 1044 432 ipsi
1060 360 1203 416 addantur
1219 359 1310 427 sorti,
1328 359 1385 434 igno

196 445 268 490 tum.
306 435 375 489 oeta
396 433 452 504 ons
474 435 578 490 Zinsen
603 435 742 492 mutarim
765 437 823 490 und
845 437 948 490 Zinun
973 453 1026 488 oon
1044 435 1149 490 Zinren
1166 433 1296 498 mbnerrr
1312 431 1385 486 ratu

197 509 239 562 Gi.
265 507 300 562 ad
325 508 400 560 Anu.
425 511 457 572 6,
487 511 537 571 16,
564 512 590 562 1.
630 511 661 562 in
684 525 781 562 urum
803 509 958 569 extendere,
997 508 1029 560 in
1053 525 1095 562 ur.
1123 506 1300 564 extensiores
1325 503 1352 556 b.
1376 521 1386 576 q

195 579 365 656 grandiores
383 579 544 644 collocare3
563 580 694 634 Emmerl.
730 579 787 634 Sed
808 583 928 634 fortasse
946 581 1004 655 leg.
1023 587 1052 632 et
1069 583 1161 634 uraria
1179 579 1229 633 rel
1242 595 1294 648 per
1310 595 1386 630 muru

194 653 346 706 attendere:
375 669 442 704 nam
467 655 599 722 profacto
618 655 701 708 lenus
720 669 778 708 non
796 671 811 710 u
870 661 919 706 tur
937 651 968 705 in
986 669 1103 718 usurae,
1128 649 1178 708 red
1195 651 1290 704 usuris
1308 651 1383 702 lenus

195 726 263 780 Ern-
301 723 375 778 Mihi
394 723 511 792 quidem
530 723 565 780 de
583 723 639 778 boc
657 726 724 779 loco
743 741 808 782 sene
847 725 1008 780 iflicillimo
1026 722 1103 778 baud
1121 730 1244 788 constat;
1264 721 1335 776 Pena

265 800 292 852 2.
330 801 473 868 ignotum
499 813 566 850 nam
591 814 644 852 nec
662 797 789 868 pecunia
806 798 857 865 iis,
881 813 949 864 nec,
972 797 1032 852 nisi
1053 797 1194 868 proximis
1217 795 1298 866 ripae
1316 791 1387 866 Rheu

195 876 225 923 et
242 869 381 934 Danubii,
401 869 575 924 commercia
593 879 682 924 erant.
720 871 763 926 Gt.
791 887 851 940 cap.
871 872 898 926 5.
923 887 952 922 ιι.
970 874 1088 928 6-11.
1108 886 1169 940 cap.
1189 871 1233 924 17.
1252 885 1281 920 n.
1299 871 1327 922 1.
1346 875 1387 934 cup

194 946 239 999 23.
260 959 288 996 ιι.
307 943 335 996 2.
355 957 379 994 o.
399 942 443 996 24.
469 959 498 994 ιι.
516 946 543 999 9.
569 949 599 994 et
623 941 659 996 de
683 941 764 996 ludis
787 943 896 996 Aelian.
919 941 952 994 V.
971 943 1007 996 l·l.
1026 947 1056 1009 ll,
1083 947 1109 998 1.
1130 971 1162 984 -
1182 941 1290 1011 ideoque
1316 937 1387 1008 mogi

193 1022 334 1070 seruatur.-
361 1013 438 1082 quod
462 1030 532 1068 vero
555 1031 673 1084 prorsus
691 1015 825 1090 ignomm
843 1024 885 1069 est
903 1022 988 1084 atque
1006 1017 1093 1082 latet,
1123 1014 1153 1066 id
1179 1030 1273 1083 neque
1291 1009 1387 1064 serrari

194 1101 289 1156 neque
307 1102 365 1140 non
383 1087 494 1138 servari
510 1094 626 1156 potest,
646 1087 696 1140 aed
713 1095 846 1142 servatur
863 1087 908 1155 id,
929 1087 1007 1158 quod
1024 1105 1121 1152 more,
1144 1105 1212 1152 usu,
1240 1085 1306 1159 lege
1324 1081 1387 1134 insti

193 1167 289 1212 tutum
313 1165 372 1222 εει,
403 1157 538 1212 lbieracb.
566 1175 595 1229 p.
615 1163 676 1215 tto.
721 1159 798 1212 Hinc
823 1176 878 1230 pro
904 1164 1033 1230 ignotum
1056 1159 1109 1214 ille
1133 1157 1288 1234 legendnm
1313 1164 1388 1222 nense

192 1234 421 1303 ignominiosior,
438 1246 493 1300 pro
511 1240 636 1286 seruatur
652 1231 769 1286 Salmas.
789 1232 824 1286 de
842 1233 938 1286 usuris
955 1235 1036 1303 pen
1055 1240 1227 1291 murentur,
1246 1238 1276 1284 et
1293 1227 1388 1298 Lipsiu

190 1308 335 1373 spernitur
353 1304 402 1356 vel
419 1309 574 1372 spernatur.
612 1304 748 1374 Plerique
766 1311 862 1358 tannen
886 1305 979 1376 intpp.
999 1305 1147 1382 vulgatam
1166 1304 1292 1358 retinent
1311 1309 1342 1354 et
1359 1317 1388 1352 ve

191 1377 234 1431 rie
252 1377 407 1446 explicant.
441 1377 549 1446 ideoque
566 1381 659 1448 magia
677 1385 803 1430 seruatur
812 1395 866 1447 per
874 1377 1055 1452 daupeieyiou
1068 1394 1124 1448 pro
1137 1383 1274 1440 caretur,
1295 1373 1388 1442 Sprerq

190 1457 219 1504 et
237 1449 313 1502 llere.
350 1449 443 1514 „Nam
460 1449 531 1534 plus
549 1449 590 1502 ibi
608 1447 677 1504 boni
693 1465 788 1504 mores
807 1450 919 1516 valent,
944 1467 1031 1520 quam
1050 1449 1121 1504 alibi
1140 1449 1229 1502 bonne
1247 1447 1343 1520 leges,
1371 1445 1380 1506 (

191 1526 249 1586 19.)
269 1529 299 1575 et
325 1520 431 1574 uitium
459 1529 592 1595 ignotum
614 1523 706 1597 magis
729 1529 863 1588 cavetur,
891 1539 978 1592 quam
1004 1523 1029 1575 si
1054 1523 1115 1576 eius
1134 1520 1248 1596 legibus
1265 1515 1383 1588 prohibi

189 1592 323 1646 homines
349 1592 546 1646 admonentur.
566 1594 666 1648 lustin.
684 1597 757 1660 2,2.
776 1593 839 1647 Plus
858 1598 890 1648 in
909 1597 969 1648 illie
987 1593 1131 1666 (Scythis)
1145 1593 1259 1664 proficit
1275 1593 1389 1641 vitiem

190 1667 332 1738 ignoratio
350 1683 431 1735 quarn
449 1669 480 1720 in
498 1664 542 1719 bie
561 1666 708 1733 (Graecis)
724 1669 848 1738 cog-nitio
865 1670 1008 1720 virtutis?
1033 1667 1109 1720 llere.
1146 1663 1203 1719 Sed
1225 1680 1334 1718 rorare
1353 1675 1389 1712 sae

189 1740 255 1809 pius
273 1735 329 1790 hoc
347 1755 431 1790 sensu
449 1738 526 1802 dici,
546 1738 715 1808 neutiquam
734 1747 813 1810 patet
832 1757 866 1793 ex
884 1740 947 1794 lnd.
967 1739 1033 1794 Teo.
1053 1739 1089 1792 ad
1107 1755 1195 1808 quem
1213 1742 1390 1806 provocatur

189 1819 219 1865 et
236 1811 321 1876 locis,
341 1827 413 1879 quae
433 1810 522 1885 vulgo
543 1811 714 1878 laudantur,
743 1811 888 1887 sig-nificat
911 1811 1006 1882 potius
1030 1809 1195 1876 attendere,
1221 1825 1343 1872 curare,
1369 1805 1390 1856 iu

188 1882 379 1937 beatissimam
398 1899 484 1956 agere
503 1900 610 1936 euram.
644 1883 760 1954 Lipsius
776 1885 948 1938 sententiam
957 1883 1051 1938 Taciti
1068 1900 1124 1954 pro
1139 1899 1223 1936 sensu
1241 1877 1390 1950 capiemini

189 1955 314 2026 putabat,
337 1955 886 2026 quasideinterdictoillapraeivisset.
924 1956 995 2023 Alii,
1021 1955 1197 2040 quiaigncti
1216 1969 1271 2005 nec
1291 1949 1390 2020 cupidi

190 2045 243 2082 nec
260 2027 414 2093 aversatio,
444 2045 480 2080 er
495 2027 641 2080 antecedd.
658 2028 713 2084 a’rd
737 2031 829 2084 κοινοῦ
843 2027 1070 2104 intelligendum
1084 2025 1198 2096 ahquid
1213 2031 1349 2088 censent,
1379 2039 1391 2106 ²,

189 2099 265 2170 quod
282 2107 407 2152 remur
424 2101 578 2166 referatur,
600 2117 723 2170 nempe:
741 2109 776 2154 ut
793 2101 952 2154 abstineant
971 2121 988 2154 a
1005 2103 1105 2154 tenore
1124 2097 1305 2162 exercendo,
1325 2093 1391 2162 abati

188 2172 322 2226 nentina
340 2172 440 2226 fenore
459 2171 604 2246 agitando.
647 2174 692 2226 lta
717 2170 789 2226 Ero.
816 2173 880 2227 Lon
903 2173 1070 2226 .Eimnerl.
1090 2173 1163 2226 Paeo.
1184 2168 1277 2224 Dilth.
1299 2163 1391 2222 Giintl

189 2245 270 2300 eonf.
297 2242 361 2296 lnd.
382 2243 432 2296 lIl.
461 2262 488 2297 r.
513 2244 645 2314 syllepsis
669 2253 699 2298 et
726 2246 859 2316 exempla
881 2191 969 2298 iuius
998 2243 1222 2300 constructionis
1250 2239 1391 2310 alliptica

188 2334 261 2386 quae
278 2314 463 2386 suppeditent
479 2315 538 2368 riri
556 2317 635 2372 dooti
652 2335 668 2369 a
685 2318 757 2370 Pasa.
787 2325 816 2371 et
834 2318 914 2372 Hess.
935 2315 1060 2384 laudati,
1089 2315 1202 2371 Dorvil.
1230 2313 1268 2367 ad
1298 2311 1389 2366 Chari

188 2407 216 2460 p.
235 2393 296 2444 lll-
323 2385 475 2458 Wyttenb.
494 2387 563 2442 bibl.
585 2389 650 2441 crit.
670 2387 703 2444 T.
723 2393 759 2455 3,
778 2393 804 2446 3.
823 2407 851 2460 p.
873 2394 933 2445 110.
965 2389 1094 2444 Periznn.
1114 2388 1151 2442 ad
1169 2387 1265 2442 sanct.
1286 2385 1392 2460 Miner,

189 2469 222 2527 l,
239 2466 272 2528 8,
290 2461 317 2516 5.
338 2459 475 2535 Heusing.
496 2469 525 2514 et
542 2461 650 2515 Burdil.
669 2461 707 2516 ad
728 2462 815 2520 Corn.
834 2463 907 2534 Nep.
927 2459 1019 2516 Alcib.
1039 2466 1074 2529 3,
1093 2463 1120 2516 5.

261 2538 288 2591 3.
325 2551 407 2604 quarn
426 2538 454 2588 ei
471 2535 587 2587 vetitum
604 2542 688 2588 erret.-
705 2551 773 2588 nam
790 2537 852 2604 plus
872 2535 913 2588 ibi
930 2536 997 2592 boni
1013 2552 1101 2588 neom
1118 2535 1219 2593 nolent,
1237 2548 1322 2603 quana
1342 2527 1392 2580 alil

188 2608 275 2660 bonne
300 2609 384 2678 leges,
410 2605 482 2678 (cap.
503 2611 538 2662 19
548 2607 636 2673 extr.)
663 2615 692 2662 et
717 2607 813 2693 ignoti
838 2607 921 2668 nulle
946 2607 1067 2678 cupido:
1095 2603 1207 2680 legibus
1233 2611 1334 2656 autem
1356 2615 1392 2652 no

188 2679 274 2734 modo
292 2677 474 2746 declaratur,
500 2679 570 2748 quid
593 2663 717 2750 probum
742 2680 964 2750 improbamque
991 2679 1045 2746 sit,
1069 2677 1119 2734 sed
1143 2693 1178 2732 eo
1205 2691 1324 2745 quoque
1346 2691 1392 2744 pe·

189 2751 274 2806 candi
293 2752 403 2806 occasio
421 2751 592 2823 praebetur,
612 2751 770 2806 secundum
788 2752 847 2806 illa.
860 2751 954 2807 Ovidii
972 2755 1070 2805 Amor.
1096 2755 1131 2817 3,
1149 2753 1184 2816 l,
1204 2753 1239 2805 17
1250 2764 1310 2814 seq.
1341 2747 1392 2798 llo

188 2824 238 2880 Od.
257 2829 289 2890 1,
308 2829 346 2890 3,
365 2827 410 2880 26.
429 2823 509 2877 Pauli
527 2824 558 2876 in
576 2841 620 2894 ep.
640 2825 675 2878 ud
694 2824 776 2878 Rom.
795 2827 828 2892 5,
850 2829 893 2881 13.
912 2828 945 2893 7,
964 2825 1055 2880 7-9.
1076 2831 1106 2877 et
1123 2821 1264 2876 Senecae:
1285 2820 1392 2871 Homin

188 2897 237 2948 dae
261 2915 323 2950 rum
350 2899 407 2967 lege
430 2905 576 2965 coeperunt
602 2903 630 2947 et
657 2898 717 2949 illia
728 2895 847 2963 focinus
870 2915 958 2967 poena
976 2899 1154 2950 monstravit.
1211 2893 1338 2946 Vettium
1361 2891 1392 2942 R·

188 2986 250 3022 mae
271 2976 350 3035 erat,
369 2967 418 3020 sed
435 2969 560 3033 frustra,
579 2967 692 3052 legibus
710 2967 764 3022 XII
782 2968 871 3022 tabul.
890 2969 1019 3030 licinia,
1038 2967 1169 3033 Duillia,
1198 2965 1326 3031 Maenia,
1360 2965 1392 3016 G

190 3041 293 3107 nucia,
321 3039 506 3110 Sempronia,
526 3039 666 3106 Gabinia,
693 3041 776 3096 luliis
798 3040 927 3111 aliisque.
964 3041 1117 3108 „Vetitum
1144 3039 1231 3094 etiam
1255 3037 1338 3107 apud
1359 3037 1390 3088 ll

189 3115 289 3166 braeos
307 3111 400 3166 Exod.
418 3115 474 3180 22,
502 3114 547 3168 25.
576 3113 646 3166 Ler.
664 3113 719 3179 25,
738 3115 871 3170 35-37.
907 3114 992 3168 Dent.
1011 3116 1065 3180 23,
1084 3118 1110 3171 9.
1129 3115 1174 3170 20.
1194 3113 1239 3168 21.
1260 3111 1312 3172 (cf.
1338 3107 1392 3164 Jal

189 3185 256 3238 bibl
275 3181 427 3240 Archaeol.
446 3186 495 3251 ll,
522 3187 548 3242 2.
567 3183 598 3254 §.
619 3189 695 3248 193.)
718 3193 748 3238 et
765 3203 782 3239 a
799 3184 980 3242 Francorum
998 3185 1131 3261 regibus,
1160 3181 1241 3238 bonis
1258 3184 1392 3236 fenerat.

188 3275 253 3310 rum
277 3257 347 3311 flsco
371 3257 499 3312 addictis.
524 3275 550 3311 r.
580 3257 676 3311 Belua.
704 3258 735 3310 in
759 3257 918 3328 capitular.
945 3257 978 3312 Τ.
998 3261 1022 3314 1.
1049 3275 1078 3330 p.
1097 3257 1159 3314 215.
1184 3255 1217 3308 Τ.
1238 3255 1275 3310 11.
1295 3271 1327 3324 p.
1355 3257 1392 3308 12

187 3333 251 3388 323.
270 3339 300 3384 et
318 3330 391 3383 duc
450 3330 661 3385 ev.Ururnrii.
699 3331 821 3384 illicitas
840 3348 908 3385 vero
928 3347 986 3384 esse
1003 3347 1103 3384 usuras
1121 3334 1265 3403 negarunt
1282 3327 1392 3379 Arist(

188 3403 224 3458 de
242 3421 303 3474 rep.
325 3419 349 3456 c.
370 3408 414 3459 19.
455 3421 499 3460 en.
519 3403 555 3458 de
572 3403 636 3458 ben.
655 3405 681 3470 7,
700 3409 743 3458 10.
764 3401 890 3457 Lactant.
912 3404 978 3456 inst
998 3405 1087 3470 6,18.
1108 3399 1276 3466 Salmasius,
1296 3397 1391 3454 Scho

188 3476 270 3543 kim,
290 3476 472 3542 Gronovius,
497 3477 661 3529 Pufendorf.
686 3475 714 3528 J.
733 3475 769 3528 N.
790 3482 819 3528 et
838 3473 874 3529 G.
894 3475 938 3542 V,
958 3479 984 3531 7.
1021 3473 1117 3530 Noodt
1136 3473 1171 3526 de
1188 3474 1245 3526 fen.
1266 3479 1296 3524 et
1316 3489 1372 3524 us.

189 3554 279 3617 lseq.
317 3549 456 3604 Cocceius
475 3549 506 3600 in
525 3547 590 3600 diss.
610 3547 645 3602 de
663 3547 856 3614 metocisino,
882 3546 1045 3618 Barbayrae
1062 3546 1098 3600 ad
1117 3545 1202 3600 Grot.
1230 3543 1257 3596 J.
1277 3544 1309 3596 B.
1336 3553 1374 3596 et

188 3625 222 3686 2,
242 3624 295 3687 12,
314 3626 362 3688 39,
381 3624 428 3678 9.”
457 3619 600 3673 Ditbmar.
642 3621 677 3672 In
702 3619 858 3672 Germania
884 3620 975 3674 etiam
1001 3619 1128 3689 antiquis
1148 3617 1205 3671 iam
1223 3619 1390 3686 temporib

182 3693 269 3761 senua
287 3697 399 3764 agitare
416 3713 437 3747 s.
456 3695 568 3756 facere,
587 3708 646 3746 non
664 3697 791 3762 ignotum
809 3693 866 3744 fuit
883 3693 1069 3758 illicitumre,
1088 3691 1138 3746 sed
1155 3687 1361 3744 anatocismus
1386 3691 1392 3742 l

190 3765 273 3840 gibus
291 3765 407 3818 vetitus.
427 3783 455 3818 v.
473 3765 594 3821 Weiske
612 3782 641 3835 p·
660 3767 722 3821 297.

260 3839 288 3892 9.
323 3837 399 3908 Agri
412 3855 465 3906 pro
481 3857 595 3892 nurnero
612 3839 746 3890 cultorum
763 3837 798 3890 ab
816 3839 953 3894 universio
970 3837 1040 3892 oicia
1058 3844 1243 3904 occupantur,
1261 3850 1335 3904 quoe
1360 3856 1392 3888 τι

190 3916 265 3966 inter
280 3913 407 3964 uetusta
424 3910 618 3980 dignationem
632 3916 814 3979 partiuntur.-
823 3909 1001 3978 facilitatem
1017 3907 1162 3977 partiendi
1178 3925 1346 3976 camporum
1359 3929 1392 3978 sp

191 3988 235 4037 tia
252 3990 414 4052 praestant:
431 3982 512 4036 locus
530 3983 693 4058 gravissimi
711 3985 891 4056 argumenti,
916 3981 967 4038 sed
985 3981 1138 4034 intellectu
1156 3997 1271 4050 quoque
1290 3977 1392 4036 diffie

190 4057 297 4122 limus,
316 4055 397 4108 cuius
417 4063 446 4109 et
463 4073 559 4108 sensus
578 4063 607 4109 et
625 4055 713 4110 lectio
731 4055 891 4110 multorum
916 4057 927 4108 i
970 4055 1034 4110 enia
1053 4053 1191 4109 exercuit.
1228 4055 1299 4106 nicer
1335 4055 1392 4110 MS

190 4131 252 4184 vat.
273 4129 351 4184 1518.
377 4136 406 4183 et
429 4127 500 4182 Τιιι.
526 4127 569 4182 ed.
586 4144 632 4198 pr.
660 4130 750 4202 Pogg.
775 4127 846 4182 Ern.
884 4131 941 4182 vice
989 4127 1036 4181 SS.
1056 4126 1121 4184 Vn.
1139 4129 1220 4184 1198.
1240 4133 1269 4180 et
1287 4123 1392 4180 llum

192 4202 237 4256 ed.
257 4201 349 4274 Long.
370 4201 421 4270 qui
441 4200 542 4254 eodem
559 4217 643 4256 sensu
661 4202 847 4254 alternanter
865 4199 1062 4254 dixissel’lin.
1081 4216 1126 4269 ep.
1145 4203 1182 4264 9,
1200 4203 1252 4264 33,
1271 4198 1298 4252 2·
1329 4215 1390 4268 pu

192 4275 247 4327 bat.
283 4277 354 4327 nicia
381 4292 407 4327 c.
435 4273 533 4328 Bamb.
563 4273 607 4327 ed.
631 4273 716 4328 Bred.
744 4271 825 4326 Seeb.
849 4271 962 4326 Scbliit.
995 4271 1136 4326 sententia
1164 4270 1252 4346 longe
1283 4267 1392 4328 diver

189 4363 275 4416 mm
293 4345 327 4400 ab
344 4344 374 4400 la
394 4348 415 4400 l.
435 4347 564 4401 alienam
583 4363 642 4401 esse
660 4346 822 4412 Pasaovius,
843 4345 968 4400 sednon
987 4344 1161 4400 deteriorem
1180 4343 1294 4415 lsipsius
1313 4353 1360 4398 et
1391 4383 1392 4392 ,
