2756 4792
177 215 240 282 516
598 213 848 280 aculeorum
869 213 991 280 VITA.

176 381 346 449 socialibus,
366 383 442 436 coni.
462 384 540 456 hips.
565 391 612 437 tot
628 385 687 436 mii.
707 385 762 436 oiri
780 382 872 435 Gron.
892 381 964 434 obas.
984 381 1020 448 2,
1039 383 1083 438 21).
1110 383 1180 438 coll.
1200 385 1274 438 Ann.
1294 389 1335 452 12,
1350 389 1376 442 ib

177 460 227 524 14,
245 461 290 512 30.
311 457 346 509 ll.
367 459 403 522 5,
422 459 467 512 21).
506 464 550 510 tot
576 459 715 510 limitaret
737 457 794 510 aiat
818 455 851 506 V.
878 455 912 508 D.
940 455 971 506 in
990 453 1115 525 prem.
1136 458 1179 511 lit.
1198 459 1263 512 deu.
1282 477 1304 512 a.
1322 463 1371 515 111

176 545 214 582 sc.
235 531 296 584 128.
333 537 375 580 tot
393 533 454 582 mil.
481 533 536 584 uiri
556 548 579 582 r.
603 537 623 581 t.
649 548 671 582 a.
695 528 834 582 trucidati
860 526 938 580 Ant.
977 527 1142 584 Enimvero
1165 536 1318 602 repugnari
1340 549 1378 584 no

175 607 290 654 tantum
309 601 374 654 loca
394 610 422 655 et
440 620 502 668 res,
521 603 573 658 secl
593 601 681 656 etiam
700 599 832 656 hominos
850 599 991 652 dicuntur
1009 601 1072 656 Lir.
1091 605 1142 669 2¹3,
1161 607 1206 659 31.
1227 609 1278 672 33,
1296 609 1362 661 113

174 675 218 729 25.
246 673 351 728 lustin.
370 679 402 738 3,
422 677 457 740 4,
477 681 521 730 11.
557 675 912 740 bucret.t,107.1008.
947 672 1300 742 01111.6,6,25.9,1,
1325 693 1378 746 quo

175 747 233 800 iarn
252 753 428 800 annotarunt
446 747 525 802 Brut.
546 747 632 802 naht.
653 747 704 800 Dr.
724 747 757 799 V.
778 747 812 799 D.
833 744 865 798 in
884 744 910 796 Ε
931 741 1006 798 bem.
1026 745 1116 802 schol.
1138 749 1263 804 Darmst
1282 769 1304 803 1.
1321 753 1376 806 1115

175 817 308 894 (paedag.
328 817 435 890 philol.
456 823 574 890 pibo.)
614 819 703 889 nique
722 819 756 872 ab
775 817 833 874 hoc
853 761 1020 882 laniantur,
1040 817 1177 874 Schneid.
1200 821 1270 878 obss.
1290 825 1320 875 in
1332 823 1376 874 'lac

176 899 204 946 et
222 891 291 946 sall.
312 909 341 962 p·
362 897 404 948 16
426 899 454 946 at
473 893 552 948 Cort,
573 837 612 946 15
628 893 684 945 lul.
704 893 845 962 Exsuper.
867 908 891 942 c.
911 893 938 946 8.
976 891 1043 956 „lta
1062 909 1177 963 quoque
1196 893 1246 966 βίᾳ
1263 895 1305 950 ὑπ’
1321 895 1374 960 libr,

176 967 255 1020 anius
273 967 496 1037 ἐκπολιορκηθεις
514 965 590 1019 dixit
607 965 743 1036 Thucyd.
763 969 790 1030 1,
810 967 872 1019 151.
893 969 922 1016 et
941 965 967 1028 1,
989 967 1050 1020 134.
1069 967 1146 1021 labor
1164 965 1230 1022 bran
1247 964 1375 1043 τηρήσαπε

175 1037 257 1094 αὐτὸν
276 1043 321 1092 καὶ
340 1035 525 1102 ἀπολαβόντες
542 1043 604 1095 aion
621 1036 850 1110 ἅπῳκοδόμησαν,
874 1033 1119 1110 προςκαθεζόμενοί
1137 1061 1164 1095 aa
1183 1039 1301 1102 iianolai
1319 1062 1369 1108 rna

176 1111 249 1183 λιμῷ.
288 1109 376 1164 ilecto
399 1110 528 1166 ilorcell.
554 1116 664 1182 proprie
688 1119 729 1166 eat
749 1109 902 1182 pugnarsdo
929 1115 1009 1163 uinco
1034 1121 1086 1165 mat
1112 1117 1200 1182 sapio.
1240 1063 1320 1180 Quoi
1340 1129 1378 1166 no

176 1197 261 1237 nemo
279 1182 368 1249 dixit,
386 1189 511 1253 primunt
527 1187 672 1258 significat
695 1203 727 1238 ex
748 1201 847 1256 pugna
866 1199 1015 1247 movere,
1044 1186 1107 1240 dein
1131 1191 1238 1241 vincere
1257 1196 1282 1240 st
1300 1191 1374 1258 aliqui

174 1263 205 1312 in
220 1263 383 1327 potestatem
402 1259 538 1330 redigere,
557 1259 587 1312 id
606 1273 665 1313 aon
683 1257 818 1310 irruatur
836 1275 889 1310 usu
907 1255 1064 1325 loquendi:
1090 1277 1159 1314 nam
1183 1279 1216 1314 ea·
1240 1260 1331 1312 ubivis
1346 1259 1376 1312 11

175 1330 222 1386 bet
241 1328 301 1382 vim
321 1329 520 1388 intensivum.”
542 1331 703 1386 171111·-
729 1331 761 1384 de
789 1333 878 1384 limite
896 1333 1010 1401 imperii
1028 1339 1055 1386 et
1072 1337 1153 1404 ripa,
1181 1351 1208 1386 v.
1229 1331 1265 1385 ad
1282 1332 1377 1386 Anni

175 1405 274 1468 50,1.
295 1399 330 1454 G.
352 1406 395 1458 17.
416 1422 444 1457 n.
465 1405 491 1458 4.
513 1411 541 1458 et
559 1403 594 1458 H.
615 1407 646 1472 4,
673 1405 724 1470 26,
750 1405 777 1460 2.
814 1402 927 1466 „Lim
951 1407 1020 1472 imp.
1049 1404 1129 1458 inter
1153 1405 1378 1460 Petrivaradinur

176 1473 417 1544 (Peterwardein)
441 1483 470 1530 et
494 1475 566 1530 Becs
591 1475 627 1530 ad
653 1475 811 1530 Tibiscum.
837 1493 865 1530 v.
891 1477 1037 1530 biennes-ta
1065 1478 1187 1532 Norden
1206 1477 1260 1531 der
1276 1478 1350 1530 Erds
1371 1500 1376 1521 1

175 1551 237 1604 170.
256 1547 333 1620 ilipa
351 1547 476 1602 Danubii
495 1549 606 1616 dextra,
626 1565 717 1674 naue
737 1549 772 1602 ad
791 1547 902 1616 Quados
922 1555 951 1603 et
970 1549 1176 1606 Marcomanos.
1203 1551 1326 1604 Hiberna
1342 1553 1376 1604 111·

174 1629 248 1674 tasse
267 1620 358 1674 limiti
375 1619 447 1674 huic
465 1621 626 1692 proxima.’'
683 1621 754 1676 airh.
778 1651 815 1662 -
841 1621 998 1674 dubitatum
1017 1639 1082 1677 cum
1101 1624 1252 1696 periculo,
1271 1623 1376 1698 ambigu

174 1701 353 1786 pugnatum
372 1693 440 1818 Elam
468 1693 577 1781 'caat
596 1694 669 1749 Anu.
688 1699 716 1763 2,
735 1698 781 1763 86,
800 1697 826 1752 2.
846 1691 1043 1766 -suneribus
1061 1696 1199 1752 virorum
1217 1697 1376 1750 militari»

174 1775 203 1822 ά
220 1767 554 1909 σὶῗόωιτρῐιῗωῗιῖεῐῗὰι
578 1843 706 1895 animum
735 1859 774 1896 sc.
793 1841 959 1928 Agricolae·
992 1859 1019 1894 v.
1048 1841 1084 1894 1111
1102 1840 1178 1894 Anu·
1201 1843 1253 1910 12,
1270 1843 1300 1898 2.
1320 1849 1345 1928 ei

176 1917 210 1978 1,
229 1915 260 1980 8,
281 1915 362 1967 1.-
381 1930 442 1968 cum
460 1917 567 1967 inertia
585 1922 613 1968 et
624 1914 800 1984 formidine.-
826 1933 858 1966 m
882 1931 974 1989 marg.
997 1931 1021 1967 c.
1041 1914 1205 1971 17113129.
1243 1915 1312 1980 „AL
1331 1931 1369 1965 ane

174 1989 233 2038 ciac
257 1991 284 2036 11
304 1983 492 2054 formidini'’
528 2002 635 2041 reorum
662 2006 722 2055 „sc.
748 1987 874 2054 ducum,
904 1987 992 2058 Appii
1021 1985 1119 2041 Sabini
1144 1995 1173 2041 et
1199 1987 1288 2041 Corn.
1308 1986 1376 2040 Fas

174 2059 247 2110 Reus
264 2056 294 2110 b.
314 2057 335 2112 l.
354 2073 414 2112 non
433 2077 518 2114 sensu
536 2059 653 2184 culpari
673 2069 701 2116 et
718 2060 848 2127 lorensi,
878 2075 935 2128 quo
955 2059 1130 2128 accusatori,
1150 2059 1294 2131 petitori,
1314 2068 1370 2113 acto

175 2129 349 2200 opponitur,
379 2131 428 2185 sed
456 2131 557 2186 latiori
606 2133 698 2200 ictus,
722 2132 967 2200 ιι1Α1111.2,66.
999 2137 1050 2200 11,
1069 2135 1114 2188 35.
1141 2131 1176 2185 ll.
1195 2137 1230 2199 4,
1249 2137 1277 2189 6
1310 2133 1338 2186 0.

88 2249 95 2260 ,
174 2201 238 2255 niv.
255 2205 288 2269 6,
307 2204 371 2259 24.”
400 2203 504 2257 Walcb.
542 2223 651 2258 reorum
676 2206 810 2260 substitui
838 2224 874 2260 ex
899 2205 1011 2260 emend.
1039 2205 1189 2281 ingeniosa
1207 2205 1365 2275 walanp

173 2275 255 2400 vulg.
276 2293 368 2327 eorum
378 2309 386 2335 ‚
407 2277 484 2346 quod
502 2277 538 2330 ad
555 2277 650 2340 daces,
668 2279 829 2333 subiectum
848 2278 933 2331 nimis
953 2286 1110 2342 remotum,
1130 2280 1269 2333 retertur.
1311 2279 1367 2332 ltin

173 2363 228 2419 pro
248 2345 338 2402 abilae
357 2347 484 2403 aliorum
505 2349 714 2421 correctiones,
741 2353 869 2413 illorum,
889 2353 1019 2413 istorum,
1046 2349 1160 2412 horum,
1179 2353 1321 2414 aliorum,
1338 2359 1377 2404 cet

173 2437 268 2474 rorum
277 2456 287 2482 ,
305 2439 464 2485 caesorum,
478 2425 616 2493 priorum.

245 2495 271 2548 4.
312 2495 414 2562 Quibus
432 2498 602 2552 temonibus
619 2515 640 2552 a.
660 2516 681 2550 c.
700 2497 736 2550 D.
757 2515 836 2552 aures
853 2495 1016 2560 verberatas,
1035 2503 1068 2550 ut
1086 2497 1178 2552 Plaut.
1198 2494 1311 2568 Amph.
1331 2495 1377 2561 1,t

174 2567 236 2622 177.
263 2565 328 2621 cie.
353 2567 390 2622 ad
418 2569 476 2623 dir.
502 2573 550 2638 16,
578 2573 622 2628 26.
646 2571 691 2627 27.
716 2569 753 2626 al.
793 2569 836 2624 Gi.
862 2569 898 2622 ad
924 2569 1017 2626 0.15.
1038 2587 1066 2623 n.
1087 2573 1169 2627 3.-
1195 2571 1263 2624 dum
1284 2573 1377 2641 optima

173 2641 287 2712 quiaqie
306 2641 468 2696 libertorum
486 2672 522 2684 —
541 2645 775 2706 exstimulabant,
801 2659 829 2695 r.
858 2641 893 2695 ad
912 2643 985 2696 Ann.
1006 2645 1055 2707 12,
1074 2645 1126 2708 68,
1146 2647 1171 2697 1.
1198 2651 1228 2696 et
1246 2645 1284 2696 ll.
1305 2639 1377 2716 ²⁵2⁴,

172 2715 199 2768 5.
218 2741 255 2756 ··-
273 2733 367 2768 amore
385 2723 412 2768 et
424 2717 482 2788 fide
499 2743 535 2758 -
554 2719 735 2790 malignitate
753 2723 781 2768 et
799 2717 900 2776 liuore,
919 2733 947 2769 v.
966 2715 1004 2768 ad
1021 2715 1096 2769 Ann.
1118 2717 1169 2782 15,
1188 2717 1236 2774 28.
1257 2717 1292 2771 O.
1313 2719 1354 2771 15.
1371 2719 1377 2812 i

172 2787 199 2840 2.
220 2793 249 2839 et
268 2787 331 2841 tud.
353 2789 406 2843 111.
426 2807 454 2843 v.
474 2789 668 2863 Hendiadyoin
688 2798 716 2844 et
736 2789 900 2860 synonyma.
942 2830 946 2840 .

245 2859 272 2914 5.
310 2863 341 2914 tn
361 2863 452 2930 ipsam
469 2865 593 2933 gloriam
608 2881 738 2934 praecepa
757 2861 911 2934 agebatur,
934 2877 974 2914 sc.
1005 2859 1061 2916 sibi
1078 2859 1302 2934 periculosam,
1330 2879 1367 2914 un

174 2945 198 2984 c.
218 2933 263 2986 42.
296 2931 382 3002 sama
403 2933 568 3006 satumque,
594 2935 656 3006 Rip.
694 2936 803 2988 Mirum
832 2933 972 3004 loquendi
991 2951 1099 3022 genus,
1129 2949 1186 3004 quo
1205 2935 1229 2987 s'
1254 2937 1373 2988 nificatu

172 3003 343 3078 Agricolam
361 3003 407 3059 bis
426 3007 544 3078 quidem
563 3007 647 3061 rebus
665 3007 791 3082 gloriam
809 3007 965 3060 unanimam
984 3014 1180 3071 consecutann,
1199 3025 1230 3061 se
1273 3008 1328 3062 sibi
1349 3025 1376 3060 ea

172 3075 293 3140 tialem,
311 3079 431 3148 ut,·qui
446 3085 615 3150 praecipites
634 3089 772 3152 aguntur,
792 3079 823 3132 in
844 3079 963 3134 exitium
982 3095 1067 3132 suum
1086 3087 1192 3144 ruunt,
1221 3081 1304 3134 Virri.
1343 3081 1376 3132 111

171 3147 290 3220 peperit
308 3151 450 3204 acuminis
470 3153 607 3224 captatio:
626 3149 871 3224 alii'praecipitea
889 3159 1016 3227 aguntur
1033 3151 1064 3204 in
1082 3152 1252 3223 perniciem
1262 3194 1272 3224 ,
1294 3151 1376 3225 ipsei

172 3220 313 3294 gloriam:
341 3239 431 3292 quum
450 3241 478 3279 se
498 3227 558 3297 ipse
577 3226 612 3280 ad
632 3227 723 3281 otium
744 3235 773 3281 et
792 3225 942 3281 silentium
962 3224 1110 3300 redigeret
1129 3225 1210 3278 omni
1232 3228 1340 3292 modo,
1361 3227 1376 3280 it

172 3293 248 3346 vitus
268 3293 455 3350 attollebatur
474 3315 538 3352 cum
558 3299 839 3372 summopericu103
866 3298 935 3352 lim.
973 3297 1067 3352 Breve
1084 3297 1181 3367 potius
1202 3307 1235 3352 et
1255 3293 1376 3354 tortari

170 3381 224 3419 nna
243 3365 362 3421 dicendi
381 3377 438 3436 est,
466 3379 499 3424 ut
522 3371 671 3426 diffusior:
708 3372 756 3427 sie
775 3369 928 3424 virtutibus
946 3371 1023 3436 suis,
1049 3385 1122 3440 quae
1145 3370 1247 3426 livore
1267 3381 1300 3426 et
1322 3347 1376 3496 11111

169 3439 280 3513 gnitate
299 3439 452 3495 bornicum
472 3445 695 3514 attollebantur,
720 3444 815 3500 invito
843 3442 941 3521 gloria
958 3449 1061 3509 aucta,
1082 3443 1233 3514 simulque
1252 3445 1374 3517 pernici

169 3513 346 3582 recalente,
369 3516 475 3571 Watrl.
508 3577 513 3592 ‚

625 3619 819 3678 CAPUT
850 3617 937 3672 xun.

253 3713 379 3778 Aderat
406 3716 474 3775 iam
504 3733 632 3794 annus,
675 3732 741 3796 quo
768 3713 1041 3796 proconsulatum
1068 3710 1167 3773 Asiae
1197 3720 1234 3774 et
1269 3711 1375 3776 Afric

168 3799 368 3876 sortiretur3
391 3806 425 3859 et
445 3799 554 3860 occiso
576 3795 692 3862 Civica
712 3815 839 3880 nuper,
868 3807 929 3858 nec
948 3795 1124 3881 Agricolae
1144 3797 1335 3859 consilium
1356 3795 1375 3870 (1

166 3889 259 3962 erat,
290 3901 362 3943 nec·
379 3879 569 3943 Domitiano
599 3881 794 3966 exemplum.
849 3877 1029 3941 Accessere
1056 3874 1191 3962 mudum
1228 3885 1349 3968 cogita

167 3985 248 4027 num
269 3961 435 4048 Principis
455 3967 574 4048 periti,
603 3967 681 4050 qui,
711 3965 865 4026 iturusne
887 3969 974 4024 esset
994 3964 1029 4024 in
1050 3963 1288 4046 provinciam,
1322 3969 1357 4028 nl

165 4045 355 4136 Agricolam
376 4051 631 4135 interrogarent.
678 4047 728 4110 Ac
755 4049 863 4131 primo
885 4047 1047 4108 occultius
1069 4047 1217 4127 qtaietcm
1239 4057 1278 4109 ct
1303 4053 1374 4112 otio

166 4131 321 4212 laudare,
349 4151 424 4194 naor
452 4151 588 4216 operam
616 4151 710 4198 suam
730 4133 767 4194 in
787 4127 1001 4278 approbanda
1021 4129 1239 4194 excusatione
1260 4137 1374 4198 offert

165 4225 334 4297 poemenio
364 4236 431 4278 non
458 4213 525 4278 iam
554 4215 706 4295 obscuri,
734 4236 794 4278 ana
818 4223 909 4278 entes
935 4215 1035 4275 simul
1067 4221 1314 4298 terrentesque
1337 4239 1374 4302 pa

164 4309 299 4363 traxere
318 4297 361 4363 ad
381 4301 619 4363 Domitianum.
670 4301 737 4382 Qui
763 4309 899 4382 paratus
921 4297 1149 4376 simulatione,
1179 4299 1218 4358 in
1240 4317 1374 4390 arroga

163 4383 244 4445 tiam
265 4388 486 4468 compositus,
508 4393 541 4450 st
563 4381 670 4448 audiit
690 4403 805 4467 preces
827 4383 1036 4456 excusantis,
1060 4389 1112 4463 ct,
1134 4400 1242 4464 quum
1267 4404 1374 4452 mm
