2756 4792
472 145 614 212 CAPUT
645 145 737 212 Xlll.
1159 150 1222 214 373

48 309 89 360 lut
101 311 204 380 potentia
223 319 252 365 et
272 312 455 381 eloquentia,
484 311 579 368 ideam.
606 313 772 384 diplicet.
807 313 926 379 „Immo
946 314 990 375 lu',
1020 311 1116 385 qartus
1137 331 1218 384 prae-

43 389 137 434 sanese.
154 381 178 436 td
194 384 272 452 quod
290 393 449 460 rog-antur,
480 387 529 439 vel
548 386 698 450 officium,
728 403 858 457 operam.
902 386 947 440 Gt.
967 385 1048 442 Flor.
1067 391 1101 452 4,
1121 389 1153 452 2,
1172 390 1216 442 92

43 455 116 524 (gruis
130 463 163 506 ert
177 457 267 509 literr'a'
287 461 350 528 ipsa
368 459 559 528 beneficiorum
581 461 725 530 potentia)
752 459 813 514 cio.
838 477 868 530 p.
894 458 978 512 Sulla
1003 463 1047 516 26.
1075 460 1151 512 Plut.
1181 459 1214 512 in

43 525 81 580 dat
95 526 119 581 oi
133 524 255 600 βούλομαι
273 533 309 602 τῷ
327 530 446 606 τυράννῳ
463 529 545 604 χάριν
563 535 645 598 ἔχειν,
679 533 747 605 ὑπὲρ
765 518 802 588 cir
819 533 978 606 παρανομῇ·
1012 555 1051 588 πα
1069 532 1157 600 atomi
1183 533 1213 587 ot

39 595 108 660 dliv,
136 621 165 664 ις
184 599 291 726 κύριος,
323 593 361 658 air
387 604 459 676 αὐτῷ
482 601 616 666 δεσπόζων
639 603 719 660 oridia
745 627 765 658 π
782 605 906 670 οοῆκεν.”
926 605 1010 660 Gran.
1049 552 1098 669 di,
1115 603 1212 676 quibua

39 689 74 724 arr
85 681 204 742 praedm
235 677 378 748 egendum
398 685 518 731 censent
536 679 614 749 lips.
634 675 734 734 Weik.
798 677 881 730 oltm.
925 677 987 740 lu's,
1013 678 1111 748 quidus
1129 695 1212 746 proe-

35 744 179 800 misahel
215 746 262 809 tt,
279 750 377 821 quibua
393 759 537 820 praestant
555 754 648 804 minua
666 748 831 824 Schulting.
859 754 883 804 u·
901 751 979 806 Ore'l.
1000 749 1082 804 dedit
1098 765 1154 818 pro
1171 749 1208 802 lu‘.
1238 761 1242 770 “

36 843 58 856 -
78 819 249 888 adigam,
284 823 362 892 quod
386 823 537 876 causidicis
556 831 668 877 tannim
688 823 794 878 debere
813 831 842 877 et
861 823 929 878 dare
949 831 1107 896 cogantur,
1131 822 1207 876 Brot.

37 887 63 940 o.
77 907 94 942 c.
108 893 129 944 8.
144 921 174 932 -
190 895 307 964 alligati
324 913 386 948 casm
403 897 578 960 adulatione,
598 895 759 966 „impediti
778 903 808 948 et
826 896 910 963 nexi,
930 901 961 946 ut
980 915 1010 949 eo
1027 904 1111 964 porto
1126 913 1209 966 pror·

33 979 71 1014 m
83 965 131 1016 tlte
143 967 271 1037 alligaris
284 970 378 1037 filim
402 986 447 1040 ap.
467 969 587 1024 Terent.
599 967 680 1021 'Adel
700 967 731 1021 h.
751 969 785 1034 ⁵,
803 973 838 1035 3,
856 972 901 1025 38.
931 967 992 1032 (ubi
1011 967 1140 1021 Donatus
1158 985 1209 1020 an·

33 1042 99 1086 rotat:
127 1037 229 1090 dicitur
251 1042 359 1109 aliquis
384 1044 505 1113 alligari
527 1042 563 1095 ad
581 985 700 1110 aliquid
704 1078 712 1108 ,
743 1041 805 1094 sine
824 1057 883 1110 quo
902 1058 963 1095 esse
981 1057 1040 1094 non
1057 1040 1160 1111 possit)
1179 1047 1210 1094 et

32 1105 117 1172 asarta
130 1129 178 1180 qua
196 1115 226 1163 tn
245 1131 273 1165 rs
292 1114 430 1184 impediar
447 1123 530 1186 atque
549 1116 653 1186 alliget·
676 1129 721 1183 ap.
742 1113 803 1167 (lio.
823 1113 859 1166 ad
878 1113 936 1166 Att.
956 1117 988 1178 8,
1009 1117 1072 1170 16.''
1102 1112 1206 1166 &holm

29 1179 172 1242 „Plutarchus
189 1185 291 1240 Moral.
310 1188 344 1242 Τ.
358 1188 397 1240 11.
418 1204 448 1256 p.
468 1191 529 1244 145.
555 1187 599 1241 ed.
625 1185 780 1256 Wyttenb.
808 1185 844 1240 de
870 1185 928 1240 hoc
954 1186 1043 1240 verbo
1068 1186 1111 1240 ait
1128 1185 1159 1240 ed
1178 1187 1208 1240 dt

30 1249 123 1316 onim
138 1255 316 1312 ἈΛΑΙΓΑΡΕ
335 1263 458 1330 λέγουσιν
476 1267 502 1314 ol
519 1263 616 1314 :callot
634 1259 790 1330 ‘Populea‘
818 1265 845 1312 οἱ
863 1259 893 1314 dl
911 1258 1111 1330 καθαρεύοντες
1128 1262 1155 1314 ir
1172 1259 1208 1326 eoi

28 1323 119 1390 laudm
133 1335 269 1386 ΑΙΓΛΡΕ.
306 1331 363 1385 Sed
381 1331 507 1385 fallitur.
542 1332 586 1386 ct.
607 1331 699 1386 Gron.
719 1332 754 1386 ad
774 1331 837 1383 liv.
857 1335 891 1398 7,
911 1334 960 1394 24,
979 1335 1006 1386 4.
1027 1331 1114 1384 Drak.
1135 1329 1205 1385 ibid.

27 1395 122 1462 tlald,
138 1403 189 1463 27,
209 1405 236 1456 9.
269 1401 360 1455 Gron.
380 1404 415 1455 ad
433 1404 498 1455 Seu.
520 1419 564 1472 ep.
583 1406 628 1458 94.
661 1401 774 1457 Schaef.
800 1404 835 1456 ad
862 1405 938 1457 Plin.
964 1420 1009 1472 ep.
1036 1407 1071 1468 4,
1095 1407 1131 1466 1,
1158 1405 1206 1460 2.”
1307 1411 1311 1423 ’

27 1461 98 1517 lost
127 1469 264 1534 „Videtur
281 1473 404 1537 Noster,
435 1489 524 1541 quum
550 1476 687 1544 alligatos
701 1471 813 1526 diceret
831 1473 900 1524 istos
919 1472 1064 1540 Principis
1082 1481 1206 1525 meeum-

25 1539 86 1598 torer,
102 1538 129 1590 in
146 1541 245 1596 animo
263 1543 394 1596 habuisse
413 1561 511 1598 servos
530 1543 616 1609 illos,
637 1541 702 1611 qui,
728 1559 818 1610 quum
838 1542 872 1592 in
890 1542 1019 1594 vinculis
1039 1557 1112 1610 opus
1130 1543 1206 1596 tace-

25 1615 78 1672 rent,
101 1613 211 1682 alligati
235 1615 465 1686 appellabantur.
506 1614 607 1670 Vincta
630 1617 786 1685 plurimum
814 1631 866 1682 per
883 1616 1019 1683 alligator
1035 1613 1207 1674 nectuntur,

24 1675 143 1736 Columella
156 1691 180 1750 l,
193 1691 241 1742 9st
263 1689 307 1742 Os.
345 1687 525 1760 Praepositio
544 1689 578 1741 ab
596 1686 626 1739 h.
646 1687 667 1739 l.
687 1686 793 1748 aliena,
812 1699 906 1753 neque
926 1691 1092 1758 congruunt
1107 1699 1205 1736 exem·

23 1749 51 1816 lla
64 1753 89 1804 ab
105 1755 211 1812 Oseuno
230 1759 333 1824 allata,
370 1777 431 1814 cum
453 1767 551 1832 grotta
574 1764 649 1814 venit
667 1775 692 1814 o.
710 1761 737 1814 2.
768 1766 797 1812 et
824 1775 884 1810 eum
910 1775 977 1812 eura
998 1757 1072 1810 adiit
1089 1755 1205 1808 hiberna

22 1819 41 1872 ll·
55 1827 79 1889 l,
95 1829 132 1881 52.
167 1830 288 1886 Delevit
307 1850 369 1886 eam
388 1833 484 1886 Oberl.
505 1842 534 1887 et
551 1832 636 1885 uncis
656 1831 777 1884 inclusit
795 1829 959 1896 Dronkius,
990 1836 1205 1896 nonttanquam

22 1896 126 1963 pariam,
141 1903 189 1956 aed
210 1921 283 1974 qruae
302 1905 481 1960 emendetur.
519 1905 607 1973 „Nisi
627 1903 663 1957 ad
680 1903 881 1975 pleonasmum
901 1903 949 1958 τοῦ
967 1920 1027 1956 cum
1046 1901 1204 1955 decurrere

21 1965 118 2048 alimus,
147 1991 208 2030 non
233 1977 321 2046 plane
347 1977 528 2045 inauditum,
562 1993 617 2048 pro
644 1993 677 2030 eo
697 1978 813 2050 legatur
831 1977 926 2030 sunt.'’
961 1974 1105 2044 Wopkens.
1131 1971 1203 2026 obss.

20 2053 71 2120 3¹⁵⁰·
87 2043 152 2112 vll,
170 2053 199 2104 3.
219 2065 247 2118 p.
268 2053 329 2106 390.
367 2057 439 2104 comt
463 2059 492 2104 et
520 2051 666 2104 &aarum
693 2049 770 2102 coni.
796 2047 864 2103 Sch.
895 2051 1021 2102 omnium
1050 2054 1079 2100 et
1104 2044 1204 2098 hinnite·

19 2109 143 2196 ttlulting.
173 2125 343 2176 cautiasr'mo
362 2131 390 2178 et
408 2125 632 2195 diligouiasr'mo
649 2120 754 2176 ileum.
788 2124 906 2194 alligati
927 2138 1012 2192 quum
1028 2123 1090 2174 tint
1108 2119 1204 2171 adsela-

19 2185 63 2264 lm
84 2191 191 2246 Peerlla.
221 2194 256 2248 de
279 2213 337 2264 quo
363 2215 391 2249 v.
419 2197 455 2249 ad
479 2215 504 2252 o.
524 2201 550 2252 t.
571 2215 601 2249 n.
621 2199 647 2250 4.
665 2223 702 2236 —-
732 2213 841 2248 amma
865 2211 959 2248 eorum
982 2194 1110 2262 potentia
1137 2187 1201 2244 edd.

18 2249 63 2324 ltpt.
80 2269 106 2314 et
121 2280 179 2320 rec.
198 2283 230 2319 v.
250 2269 286 2320 ad
304 2285 330 2321 ο.
350 2273 375 2323 1.
396 2287 426 2322 n.
445 2273 471 2325 3.
506 2289 527 2323 a.
547 2285 638 2323 aarum
655 2287 683 2336 p.
704 2267 767 2321 edd.
786 2275 843 2322 vet.
864 2297 900 2308 -
930 2275 1044 2320 tantum
1064 2281 1145 2334 posse
1167 2265 1203 2316 tt-

17 2335 163 2400 t'lt'tolent,
191 2357 222 2390 v.
242 2341 277 2394 ad
295 2341 329 2393 ll.
353 2347 387 2406 1,
405 2345 455 2408 46,
475 2345 501 2398 8.
531 2341 568 2395 ad·
585 2341 620 2395 G.
638 2343 683 2396 25.
702 2357 730 2393 n.
749 2343 776 2395 8.
796 2348 825 2396 et
842 2344 868 2395 9.
900 2347 929 2393 et
955 2341 993 2392 cf.
1021 2335 1151 2392 luvenal.
1174 2339 1201 2400 1,
1272 2405 1276 2412 ι

17 2395 119 2462 t-uo.
137 2439 174 2452 -
209 2420 244 2464 us
268 2413 407 2484 Virgilius
432 2419 476 2467 art
502 2414 536 2468 ο.
559 2417 592 2480 2,
616 2417 724 2482 etseq.
755 2421 785 2465 st
807 2415 977 2469 ses-roo.
996 2434 1033 2451 -
1065 2416 1201 2462 remotum

17 2469 50 2526 dd
65 2477 146 2536 llhen.
165 2486 193 2538 2.
215 2489 241 2541 3.
266 2494 294 2540 et
314 2485 420 2540 deinde
439 2504 546 2540 omnes.
584 2493 704 2539 remotae
727 2487 841 2556 primae
868 2483 931 2538 edd.
950 2511 987 2524 -
1017 2491 1114 2536 contra
1138 2485 1201 2534 ant-

17 2551 208 2626 fmsacr'endi,
228 2567 331 2611 contra
349 2559 440 2611 animi
459 2559 697 2622 inclinationem,
717 2556 875 2629 (Neigung)
890 2565 924 2610 ut
942 2563 1033 2610 contr.
1054 2575 1086 2608 ea
1103 2556 1200 2606 animo

17 2635 75 2698 W·
100 2625 232 2695 scatendi
250 2629 313 2684 edd.
332 2631 424 2684 Rheu.
445 2635 472 2688 2.
491 2637 517 2688 3.
537 2640 565 2684 et
584 2649 642 2684 rec.
662 2629 756 2700 jacta
775 2630 819 2684 ed.
839 2647 884 2700 pr.
906 2627 1034 2698 sectante
1052 2629 1115 2680 Put.
1134 2625 1197 2680 niv.

17 2707 45 2742 tt·
61 2695 144 2754 Rhen.
166 2707 191 2756 1.
213 2729 249 2742 —
278 2709 309 2756 ta
337 2706 390 2757 illa
412 2721 493 2758 saera
512 2707 626 2775 illosque
638 2701 738 2771 sontes
748 2701 867 2774 serant,
894 2719 922 2754 v.
943 2701 979 2754 ad
997 2715 1059 2768 cap.
1079 2704 1104 2755 9.
1125 2716 1153 2752 u.
1173 2701 1196 2753 7.

17 2771 41 2846 l‘
62 2777 86 2821 et
106 2777 231 2845 iatoaqsoe
254 2775 314 2828 MS.
339 2777 402 2830 Vae
422 2779 501 2833 2862.
528 2784 557 2831 et
576 2777 628 2830 ed:
640 2776 692 2829 Dr.
711 2803 748 2816 -
782 2772 1074 2842 turanum—sorum,
1101 2778 1134 2822 ut
1152 2787 1198 2840 ap.

17 2853 57 2922 fg·
76 2841 123 2898 Ge.
142 2850 177 2914 2,
199 2849 262 2902 502
288 2847 338 2900 ubi
356 2847 430 2904 haec
447 2849 596 2904 annotavit
614 2849 760 2921 lleyniua:
789 2849 939 2915 „clamore
959 2854 988 2900 et
1005 2844 1104 2897 litibus
1122 2843 1199 2896 insa·

17 2925 230 2990 ”Pentrepena
267 2917 318 2972 Sic
346 2923 449 2986 rabies,
479 2920 567 2990 furor
589 2923 653 2974 foro
680 2929 708 2975 et
732 2919 882 2974 causidicis
902 2917 1070 2972 tribuitur?
1087 2943 1124 2955 -
1159 2915 1199 2967 lu-

17 2985 74 3038 t'wm
83 2988 204 3056 sorum,
223 3011 250 3044 v.
271 2993 307 3046 ad
324 2993 400 3048 Anu.
420 2999 454 3058 6,
474 2998 518 3050 49.
557 2993 606 3046 Sic
634 3011 678 3064 ap.
707 2993 761 3049 Sil.
779 2999 816 3055 7,
835 2996 898 3049 542.
935 2993 1053 3046 Imauus
1079 2995 1198 3058 epectata

17 3055 75 3111 tta!
97 3081 152 3132 pro
173 3065 282 3118 ludrica
301 3075 393 3120 rostra
409 3067 449 3120 Et
467 3072 546 3121 amaia
559 3067 633 3137 foro
651 3071 726 3120 laeta
743 3069 830 3122 viria!
849 3083 899 3106 —·
907 3064 1021 3134 sarnam
1036 3064 1197 3134 pallantem,

17 3145 48 3181 nt
64 3151 115 3186 non
134 3137 193 3189 nisi
217 3138 359 3193 anxietate
379 3148 408 3196 et
431 3141 547 3212 pallore
573 3139 753 3207 acquiritur,
781 3137 863 3193 Nost.
902 3137 990 3192 Cuius
1018 3135 1102 3190 anxia
1126 3151 1196 3187 eura

17 3211 64 3254 “rt
78 3205 232 3276 homines,
265 3211 392 3264 studium
410 3215 501 3266 famae
520 3211 702 3278 sollicitum,
730 3213 799 3266 Em.
837 3213 954 3264 Famam
973 3209 1116 3272 oratoris,
1144 3207 1197 3274 qui

17 3275 72 3338 liet,
100 3298 197 3350 quum
215 3283 325 3354 populo
345 3284 497 3355 displicet,
530 3301 619 3354 quum
644 3286 721 3338 male
745 3303 810 3339 rem
834 3286 928 3359 egisse
946 3283 1080 3345 videtur,
1108 3279 1196 3332 Oberl.

17 3355 72 3400 telt:
91 3370 159 3406 nam
177 3357 289 3424 pallens
308 3355 420 3409 dicitur
437 3358 545 3424 etiam,
565 3357 643 3425 quod
661 3357 786 3426 pallidos
805 3358 903 3412 reddit
921 3355 1068 3418 homines,
1087 3359 1121 3403 ut
1135 3353 1198 3420 pal-

17 3425 53 3474 rtss
68 3441 164 3488 curae,
184 3447 293 3489 morea,
313 3430 404 3482 morli
421 3431 498 3484 Pers.
518 3433 550 3496 5,
570 3431 615 3484 55.
644 3431 774 3496 Martial..
792 3435 844 3496 11,
864 3433 901 3496 7,
919 3431 946 3484 6.
973 3427 1028 3479 Vir
1049 3463 1058 3476 .
1077 3421 1149 3478 Aen.
1168 3427 1195 3490 6,

17 3493 35 3616 {-
62 3501 171 3624 Paga„
190 3519 234 3628 1oc
258 3503 382 3571 trepidus
410 3503 485 3557 coni
510 3503 615 3556 ileum.
643 3509 672 3556 et
697 3505 808 3574 pultem
832 3511 860 3556 at
885 3443 1196 3572 capitularium

47 3583 100 3623 ta
140 3589 167 3625 c.
210 3591 266 3626 .n.
285 3579 312 3630 4.
537 3577 542 3586 “

40 3642 62 3694 5.
104 3643 173 3698 Non
204 3665 246 3698 me
264 3646 403 3716 fremitus
425 3649 631 3709 salutantium,
670 3647 788 3701 admitti
816 3644 1019 3718 cupientium,
1057 3643 1156 3695 excitet
1182 3658 1197 3694 e

17 3723 72 3765 440.
108 3718 153 3771 De
175 3718 332 3774 clientibus
351 3721 408 3772 iam
429 3736 543 3774 summo
561 3735 646 3774 mane
664 3729 821 3792 patronos,
851 3721 931 3790 inpr.
953 3715 1052 3782 orbos,
1073 3729 1196 3784 quorum

17 3784 106 3842 reditas
124 3799 283 3862 captatur,
303 3792 511 3859 salutantibus,
537 3811 574 3847 ne
593 3794 647 3847 alii
666 3794 749 3864 prius
768 3792 865 3847 officia
883 3790 931 3844 hie
949 3794 1099 3860 praestent
1117 3803 1198 3856 spor-

17 3853 74 3913 lsve
91 3865 298 3934 praeripiant,
322 3883 350 3918 v.
371 3865 501 3920 luvenal.
523 3869 859 3932 1,95-116.128.3,
880 3865 1042 3920 rto—136.
1070 3858 1196 3913 Martini.

30 3933 67 3986 3⁴3·
91 3937 125 4004 4,
152 3939 182 3992 8.
212 3941 262 4004 16,
280 3939 326 3994 82.
364 3938 492 4000 libertus,
521 3939 573 4006 qui
593 3939 658 3993 aliis
676 3938 822 4010 praeferri
840 3938 931 4002 solet,
963 3943 992 3990 et
1009 3933 1144 3988 anhelans
1162 3929 1197 3984 olr

17 4017 93 4074 num,
126 4027 167 4063 ne
196 4009 262 4079 quis
286 4010 372 4080 prior
393 4018 552 4081 patronum
577 4013 692 4065 salutet.
734 4012 781 4066 Cf.
808 4009 940 4064 luvenal.
960 4009 994 4061 ll.
1014 4007 1047 4058 ll.
1085 4003 1198 4056 anhelua

17 4075 43 4126 ¹15-
60 4079 165 4134 ileum.
188 4110 226 4121 -
259 4100 308 4136 mc
326 4087 446 4138 incertae
458 4081 557 4152 sutori
574 4093 772 4138 testamentum
787 4103 841 4155 pro
859 4090 970 4156 pignere
989 4079 1124 4136 eatbam,
1143 4089 1199 4144 ΡΝ

17 4161 123 4206 trorum
150 4170 290 4208 meorum
321 4155 541 4224 incolumitate,
579 4167 693 4228 partem
722 4157 895 4212 hereditatis
924 4150 1056 4222 Principi
1085 4149 1200 4224 legans,

17 4223 56 4272 tae.
91 4227 208 4297 Aptior
234 4236 262 4282 et
282 4227 449 4298 simplicior
466 4237 509 4282 est
527 4229 658 4283 Ernestii
678 4231 900 4302 interpretatio:
933 4227 985 4280 Pro
1002 4229 1132 4294 pignere,
1159 4235 1202 4272 ³0·

17 4293 98 4351 ritatis
117 4317 229 4398 offusa,
248 4318 289 4354 sc.
309 4298 431 4356 heredes
449 4301 639 4357 adscribendo
657 4303 730 4358 meis
750 4307 945 4376 Imperatores
964 4313 1058 4362 eosve,
1077 4307 1202 4363 quorum
