2904 4802
516 189 658 256 CAPUT
679 189 775 254 XVl.
954 253 957 264 ,
1173 183 1176 192 ’
1201 186 1263 254 379

107 361 190 424 Non
212 363 321 439 enim,
342 360 455 442 inquit
474 357 583 444 Aper,
605 355 795 422 inauditum
815 365 849 419 et
869 355 1076 419 indefensum
1097 357 1264 422 saeculum

29 455 180 507 nostr-nm
202 446 316 528 patiar
336 444 399 504 hac
414 454 527 506 vestra
551 443 797 527 conspiratione
819 439 981 503 damnari.
1025 437 1091 501 Sed
1112 441 1175 502 hoc
1196 445 1265 524 pri-

27 551 115 590 mum
138 526 381 626 interrogabo,
412 545 494 610 quos
518 531 642 591 vocetis
665 528 832 606 antiquos,
864 544 963 608 quam
984 532 1156 586 oratorum
1178 535 1266 588 aeta-

27 623 88 674 tem
112 612 365 700 significatione
386 611 450 672 iste
475 609 725 673 determinetis?
759 609 827 694 Ego
850 611 939 670 enim
961 628 1064 690 quum
1084 607 1184 671 audio
1207 631 1266 669 an-

27 699 156 778 tiquos,
192 692 358 779 quosdam
389 705 519 758 veteres
548 703 581 758 et
609 697 689 757 olim
709 702 803 755 natos
825 693 991 779 intellig03
1026 711 1065 752 ac
1086 693 1168 754 mihi
1190 715 1266 757 ver-

26 789 142 842 santur
173 788 254 842 ante
279 780 392 840 oculos
413 777 524 842 Ulixes
547 787 581 841 et
601 778 748 858 Nestor,
785 797 930 860 quorum
959 784 1046 838 aetas
1079 777 1167 839 mille
1196 781 1266 842 lere

25 873 54 925 et
74 861 164 925 CCC
195 865 295 926 annis
325 861 495 924 saeculum
522 871 674 924 nostrum
701 859 874 924 antecedit.
917 859 989 920 Vos
1011 866 1122 921 autem
1143 859 1266 924 Demo-

26 949 177 1008 sthenem
200 957 238 1008 et
258 943 466 1029 Hyperidem
487 947 670 1028 profertis,
711 965 794 1028 quos
817 945 896 1005 satis
918 950 1046 1004 constat
1066 941 1211 1028 Philippi
1233 956 1267 1008 et

25 1029 210 1091 Alexandri
234 1029 442 1112 temporibus
464 1031 639 1110 floruisse,
669 1031 718 1090 ita
737 1039 865 1107 tamen,
888 1035 927 1088 ut
947 1027 1085 1108 utrique
1106 1031 1268 1112 supersti-

26 1127 68 1176 tes
98 1122 229 1176 essent.
281 1113 331 1174 Ex
358 1131 424 1196 qno
452 1121 608 1196 apparet2
638 1131 704 1174 non
741 1113 844 1172 multo
872 1112 986 1194 plures
1027 1131 1126 1192 quam
1158 1109 1268 1176 CCCC

26 1219 125 1259 annos
149 1201 319 1259 interesse
351 1199 442 1260 inter
473 1205 621 1260 nostram
653 1205 686 1259 et
711 1195 944 1257 Demosthenis
976 1201 1125 1256 aetatem.
1171 1194 1268 1278 Quod

26 1285 171 1363 spatium
194 1283 381 1364 temporis,
421 1281 450 1341 si
478 1277 521 1341 ad
547 1281 777 1342 infirmitatem
799 1297 979 1360 corporum
1000 1287 1193 1340 nostrorum
1215 1301 1268 1343 re·

24 1369 127 1442 teras,
153 1368 302 1426 fortasse
323 1365 458 1450 longum
478 1361 653 1440 videatur3
689 1365 719 1425 si
746 1361 788 1424 ad
817 1371 971 1438 naturam
997 1363 1206 1422 saeculorum
1235 1373 1269 1426 et

24 1455 219 1527 respectum
241 1447 344 1506 huius
365 1448 519 1504 imnsensi
541 1449 637 1524 aevi,
675 1463 836 1528 perquam
868 1445 972 1505 breve
998 1451 1032 1504 et
1057 1446 1093 1504 in
1115 1449 1268 1526 proximo

23 1539 76 1588 est·
135 1525 233 1588 Nam
266 1529 318 1606 si,
351 1535 391 1589 nt
412 1523 530 1588 Cicero
552 1529 588 1588 in
610 1527 792 1590 Hortensio
816 1527 952 1597 scribit,
991 1527 1018 1586 is
1048 1539 1096 1587 est
1129 1547 1269 1608 magnus

24 1625 50 1670 et
68 1630 178 1670 verus
200 1629 311 1670 annus
322 1652 333 1681 ,
355 1631 417 1687 qno
440 1611 551 1670 eadem
572 1612 689 1690 positio
702 1612 791 1697 =cpeli
810 1610 1038 1688 siderumque,
1062 1629 1146 1687 quae
1166 1633 1268 1692 quum

24 1697 170 1753 maxime
193 1705 262 1764 est,
286 1713 420 1754 rursum
443 1695 595 1773 exsistet,
625 1695 715 1773 isque
737 1712 846 1754 annus
868 1694 1003 1770 borum,
1034 1711 1114 1772 quos
1136 1714 1195 1755 nos
1214 1717 1267 1756 vo·

23 1797 151 1848 carnus,
193 1795 362 1836 annorum
389 1775 463 1836 XII
479 1775 751 1839 MDCCCCLIV
773 1777 1017 1854 complectitnr3
1054 1777 1175 1860 incipit
1203 1777 1270 1841 De·
1306 1797 1310 1806 ·

22 1861 217 1922 mosthenes
239 1869 372 1940 vester,
408 1879 507 1942 quem
527 1879 587 1924 vos
608 1870 756 1924 veterem
778 1867 812 1922 et
832 1861 1007 1942 antiquum
1028 1859 1173 1944 fingitis,
1202 1883 1269 1926 non

22 1946 127 2006 solnm
153 1941 276 2006 eodem
298 1963 407 2020 anno,
431 1963 497 2027 quo
519 1963 595 2017 nos,
618 1944 676 2008 sed
698 1949 768 2008 fere
793 1941 907 2006 eodem
927 1963 1039 2006 mense
1061 1946 1236 2008 exstitisse.

90 2104 117 2154 1.
161 2103 358 2168 quaestionem
376 2101 489 2152 mouisti
507 2099 560 2164 (sc.
583 2098 716 2162 Messala)
739 2097 892 2166 edd.Lips.
915 2103 944 2148 et
963 2113 1021 2150 rec.
1043 2114 1070 2150 v.
1091 2095 1127 2150 ad
1147 2115 1172 2150 c.
1193 2103 1218 2154 1.
1238 2118 1267 2154 n.

23 2178 44 2228 1
79 2191 106 2243 q.
129 2173 267 2226 movistis
286 2170 349 2224 edd.
369 2178 425 2223 vet.
447 2169 499 2223 Dr.
520 2171 565 2226 Os.
585 2198 621 2210 -
645 2173 825 2242 explicaverit
844 2177 924 2224 recte
945 2169 1007 2223 edd.
1028 2185 1129 2224 omnes
1149 2180 1269 2241 praeter

24 2245 68 2297 Dr.
89 2252 123 2298 et
144 2244 193 2298 Os.
217 2243 326 2312 quiex
346 2241 421 2296 MSS.
441 2243 503 2296 Vat.
524 2259 663 2314 recepere
683 2245 840 2313 explicabit.

4 2407 5 2410 ,
86 2356 116 2408 2.
160 2353 206 2406 Et
224 2349 360 2413 Matala,
393 2369 421 2404 v.
441 2349 478 2404 ad
496 2367 521 2404 c.
541 2354 568 2406 4.
589 2369 618 2404 n.
640 2357 665 2406 1.
685 2381 721 2392 —
746 2355 949 2424 cogitationes:
975 2351 1018 2405 ed.
1038 2351 1105 2406 Ber.
1127 2360 1155 2406 et
1174 2351 1266 2408 Rhen.

25 2431 45 2479 l.
82 2430 280 2497 cognitiones·
298 2451 337 2462 —
361 2425 389 2477 si
406 2423 496 2478 illud.-
525 2424 592 2477 Vnt
606 2427 688 2481 1862.
711 2432 740 2478 et
765 2425 810 2479 ed.
837 2425 889 2477 Dr.
909 2429 936 2478 si
954 2425 1038 2478 istud.
1058 2453 1095 2466 -
1119 2443 1270 2481 sermonem

25 2499 91 2552 lenc
109 2497 408 2568 nostroonstdinuetts
433 2495 552 2550 iudiciis
579 2503 608 2552 et
626 2497 889 2562 admonitionibus,
917 2498 942 2550 si
961 2497 1101 2567 quaedam
1122 2499 1202 2554 vobis
1220 2501 1271 2554 vel

25 2577 149 2627 saisisse
168 2571 222 2624 vel
242 2577 324 2622 recte
343 2577 392 2622 aut
409 2585 567 2639 perperam
586 2569 691 2623 dixisse
715 2571 793 2624 visus
812 2573 905 2623 luero.
1002 2619 1005 2626 .

90 2667 119 2719 3.
163 2675 342 2732 &sequemur
357 2667 466 2731 portast
492 2659 524 2711 in
544 2659 586 2714 ed.
608 2677 653 2730 pr.
674 2677 853 2731 exsequemur
867 2679 898 2730 p.
917 2687 954 2700 -
984 2657 1091 2729 Aprum
1106 2663 1199 2724 enim,
1219 2677 1271 2712 au·

26 2743 97 2800 rein,
119 2751 209 2788 vero.
229 2752 257 2786 v.
279 2730 541 2798 adAnn.1l‚dl.
569 2739 598 2786 et
616 2733 651 2786 H.
671 2737 703 2798 1,
725 2738 898 2799 11,11.-
922 2739 950 2784 et
974 2735 1032 2802 ipse
1054 2736 1126 2786 tatis
1153 2731 1271 2800 moniss-

4 2843 5 2848 =
27 2816 77 2859 stus
105 2815 153 2860 est
175 2836 215 2846 —
240 2807 371 2875 accingi,
393 2823 421 2858 v.
451 2805 487 2860 ad
514 2804 587 2859 Ann.
614 2809 648 2870 2,
670 2809 723 2872 57,
744 2811 768 2860 1.
790 2813 862 2859 extr.
901 2810 932 2858 in
956 2811 1129 2872 contrarium
1149 2807 1271 2890 accingi,

27 2879 55 2930 sd
73 2879 288 2934 defensionem
308 2877 465 2942 contrarii,
487 2877 523 2930 ad
543 2877 620 2930 illud
639 2877 851 2932 defendendum
870 2896 899 2932 se
917 2895 1101 2948 praeparare.
1121 2887 1164 2932 est
1183 2895 1270 2932 omis-

27 2971 82 3004 smn
105 2970 123 3004 a
145 2951 238 3005 Bern.
260 2950 332 3004 Ern.
357 2949 391 3002 Bi
413 2988 420 3002 .
448 2949 498 3003 Ob.
519 2949 557 3004 al.
577 2951 689 3026 legitur
715 2951 746 3004 in
772 2951 835 3006 edd.
854 2967 900 3022 pr.
920 2953 984 3004 Put.
1004 2951 1068 3004 Riv.
1089 2951 1151 3006 Ber.
1175 2951 1269 3005 Rhen.

27 3024 130 3077 Franc.
153 3021 222 3079 Col.
243 3023 321 3093 Lips.
343 3021 375 3076 Pi
439 3021 531 3076 Gron.

93 3119 122 3169 ³..
165 3113 329 3167 inauditum
348 3120 375 3167 et
394 3111 567 3181 indefensum
584 3141 622 3152 -
639 3113 783 3176 damnari,
802 3111 923 3187 ἄκριτον,
944 3111 1141 3188 ἀκατάκριτον,
1161 3115 1271 3168 indicta

28 3203 125 3252 causa,
154 3185 238 3256 quod
257 3187 335 3240 nefas
355 3193 397 3240 est
422 3185 596 3260 legibusque
616 3188 807 3240 contrarium.
846 3187 890 3240 cf.
910 3187 946 3240 ad
964 3187 1000 3240 ll.
1022 3192 1057 3250 1,
1076 3191 1109 3253 6,
1129 3191 1155 3243 5.
1174 3188 1268 3258 intpp.

28 3261 117 3313 Plaut.
151 3261 186 3312 in
206 3258 287 3310 Asin.
307 3259 342 3324 5,
361 3260 396 3324 2,
416 3261 461 3314 87.
493 3259 525 3310 in
544 3257 664 3312 curcul.
684 3261 721 3326 5,
741 3265 777 3325 3,
798 3264 849 3315 16.¹
877 3259 939 3312 Act.
971 3267 1062 3330 apost.
1093 3265 1140 3323 16,
1160 3264 1205 3316 37.
1225 3261 1271 3325 25,

29 3336 66 3386 16.
86 3361 126 3370 -
154 3331 212 3384 bac
229 3338 320 3384 neena
338 3334 561 3400 conspiratione,
588 3333 765 3386 vocabulum
790 3333 960 3398 molestius,
987 3349 1045 3400 quo
1073 3350 1109 3385 ex
1127 3332 1271 3386 industria

31 3406 123 3456 utitur
143 3405 244 3474 Aper,
271 3403 341 3472 quia
360 3405 472 3474 saepius
491 3405 523 3457 in
541 3403 665 3471 melam,
693 3421 780 3472 quam
806 3405 838 3458 in
858 3403 962 3456 bonnm
981 3412 1113 3474 partem,
1145 3405 1182 3458 de
1200 3421 1271 3457 con-

31 3495 130 3543 sensu,
151 3477 202 3544 (ut
221 3475 283 3530 Cic.
305 3475 390 3528 Catil.
410 3481 444 3540 ll,
465 3477 522 3546 10.)
542 3475 671 3543 dicitnr;
694 3477 753 3530 seh.
773 3507 810 3518 -
835 3479 1041 3547 significatione
1070 3495 1104 3530 ex
1131 3495 1156 3530 c.
1182 3477 1270 3529 Farn.

31 3549 115 3604 tacite
136 3549 259 3620 Lipsius
285 3553 328 3616 (v.
348 3548 384 3602 ad
403 3567 428 3602 c.
450 3554 475 3604 1.
496 3567 524 3602 n.
543 3552 586 3614 3.)
615 3557 644 3602 et
668 3567 704 3604 ex
722 3547 799 3604 MSS.
820 3551 883 3604 Vat.
910 3549 1088 3619 receperunt
1106 3549 1185 3603 Brot.
1204 3547 1270 3618 Bip.
1375 3581 1380 3587 -

32 3621 80 3672 Dr.
99 3623 146 3675 Os.
168 3621 219 3675 Or.
259 3624 421 3692 signtatione
446 3621 510 3676 edd.
539 3637 583 3691 pr.
604 3623 667 3676 Put.
688 3623 752 3676 niv.
773 3622 837 3676 Ber.
857 3621 948 3676 Rhen.
969 3629 1047 3687 tres,
1074 3621 1139 3675 Ald.
1165 3621 1269 3674 Frsnc.

32 3693 91 3746 Coi
113 3702 148 3746 ut
168 3701 200 3748 et
218 3693 303 3747 Rom.
340 3694 444 3761 Modii,
465 3693 543 3764 quod
566 3693 726 3748 defendunt
745 3693 827 3752 Pich.
847 3693 921 3750 Pith.
942 3695 1034 3748 Gron.
1054 3694 1126 3747 Ern.
1149 3693 1271 3763 aliique,

33 3768 96 3834 quia
115 3769 147 3819 in
167 3781 244 3820 voce
263 3769 377 3838 antiqui
395 3783 456 3821 non
475 3767 514 3821 sit
533 3767 719 3842 significatio,
739 3767 789 3820 sed
809 3767 971 3843 designatio
991 3767 1149 3836 temporis,
1169 3774 1198 3820 et
1218 3767 1270 3820 inf.

34 3855 56 3890 c.
73 3841 117 3894 23.
136 3858 188 3911 pr.
215 3838 331 3891 dicatur
354 3858 441 3910 genus
464 3839 607 3894 hominurn
631 3845 763 3912 signasse.
802 3839 858 3894 Sed
865 3876 874 3906 ,
902 3848 935 3892 ut
953 3847 1080 3906 taceam,
1113 3856 1215 3892 vocem
1234 3843 1272 3892 ai-

34 3917 131 3982 gnntio
150 3927 214 3964 non
233 3911 293 3963 nisi
309 3909 339 3964 h.
358 3911 379 3964 l.
401 3921 430 3966 et
448 3930 493 3983 sp.
523 3912 652 3968 Tertull.
680 3913 809 3983 reperiri
836 3921 864 3966 et
892 3921 1020 3966 nostram
1040 3912 1200 3966 lectionem
1218 3911 1271 3962 lir-

36 3985 105 4036 msri
123 3983 304 4038 anctoritate
323 3984 422 4051 MSS„
451 3985 539 4038 verbe
557 3987 692 4056 signare,
719 3987 861 4056 designare
882 3994 911 4038 et
929 3986 1086 4056 significare
1105 3991 1173 4038 sunt
1189 4001 1271 4054 syno-

37 4076 130 4124 nymo,
161 4056 201 4110 de
220 4056 332 4132 signis,
351 4057 500 4110 vocabulis
520 4065 549 4112 et
567 4059 662 4124 notis,
691 4058 795 4127 quibus
814 4075 860 4112 res
881 4057 1064 4123 indicantur,
1084 4057 1275 4110 denotantur.

37 4129 108 4194 „Qui
124 4129 289 4184 lectionem
300 4133 464 4200 signatione
482 4146 573 4201 porro
592 4129 758 4196 defendent,
779 4139 934 4186 recurrant
952 4129 989 4182 ad
999 4129 1122 4196 Quintil.
1142 4127 1270 4182 Declam.

39 4205 92 4256 355.
112 4220 141 4272 p.
161 4205 227 4258 755.
249 4201 293 4255 ed.
313 4201 413 4256 Burm.
434 4202 484 4256 ubi
504 4211 602 4257 umen
620 4201 695 4256 mibi
714 4203 834 4273 quidem
852 4204 932 4258 idem
952 4219 1038 4256 error
1055 4201 1175 4255 videtur
1193 4200 1271 4254 obti-

41 4276 128 4329 nere?
149 4276 227 4330 01·ιὶ.
250 4291 279 4344 p.
297 4275 395 4330 xtvt.

105 4348 130 4403 5.
170 4366 257 4419 quum
276 4346 551 4422 addicantipuos
574 4365 613 4404 sc.
634 4349 696 4403 dici
720 4349 848 4420 aliquos,
880 4347 928 4402 tel
946 4346 1021 4402 banc
1043 4361 1153 4401 vocem.
1190 4345 1270 4400 Anti-
