2756 4792
465 200 606 264 CAPUT
634 199 789 267 XXXIV.
1178 201 1238 265 301

38 371 97 423 sida
113 368 233 422 animalia
252 385 269 420 a
288 367 474 422 venatoribus
494 368 668 438 capiuntur,
702 369 753 421 sed
777 368 829 421 illa
856 385 917 422 non
940 369 997 422 nisi
1015 364 1122 420 maiori
1139 364 1239 420 robori

36 445 141 508 cedunt,
170 440 239 494 haec
262 441 327 510 ipso
354 440 524 494 venantium
550 441 801 510 sono-pelluntur.
840 442 941 511 ltaque
966 458 1026 495 non
1050 446 1240 508 opponuntur

34 511 119 570 contra
132 531 202 567 mus
220 521 249 566 et
264 516 355 584 pelli,
387 531 453 566 nam
475 519 600 581 utraque
618 513 792 582 pelluntur,
826 513 875 566 sed
893 512 988 582 fortes
1013 520 1043 566 et
1061 513 1164 582 ignari.
1202 511 1239 564 At

34 587 166 642 fortissimi
182 586 390 640 Britannorum
408 587 519 637 trustra
537 587 706 638 restiterant
725 585 876 638 Romanis:
905 585 976 638 hino
1002 603 1066 656 spes
1086 593 1149 636 orat
1165 585 1238 651 fore,

33 672 60 714 ut
77 669 104 713 et
120 659 243 727 reliquus
262 676 400 711 numerus
419 658 428 709 i
451 673 594 710 navorum
613 658 701 710 facile
722 657 919 712 vinceretur?
947 657 1141 728 fortissimum
1158 659 1241 728 quod·

31 753 74 804 oue
89 733 191 786 animal
205 734 301 784 robore
319 749 359 784 sc.
380 675 513 784 caeditur
530 747 551 781 s.
572 729 740 783 caeduntur.
779 731 832 783 Est
856 730 885 783 h.
912 731 931 784 l.
958 733 1104 806 zeugma,
1135 729 1238 784 Walch.

32 808 67 859 ct.
86 807 118 859 ad
134 806 204 856 Anu.
223 807 261 869 2,
279 807 331 868 26,
351 805 379 858 2.
401 833 432 846 -
470 807 531 871 ipso
555 821 624 856 sono
649 806 776 874 agminis
805 819 843 856 sc.
867 805 1054 870 venantium,
1087 818 1239 871 equorum,

31 897 136 942 unum,
153 877 221 930 Em.
259 877 339 942 „Vel
356 876 503 941 militum,
523 882 556 926 ut
574 892 618 944 ap.
640 875 722 928 cart.
740 880 771 941 3,
790 877 824 942 8,
845 881 888 930 16.
931 879 1082 930 Delituisse
1100 879 1176 928 inter
1191 895 1241 930 an-

30 957 126 1022 gustias
141 953 228 1004 soltus
246 951 413 1020 ignobilium
426 947 557 1015 serarum
575 951 653 1008 ritu,
686 966 772 1018 quae,
799 954 920 1019 strepitu
934 951 1176 1019 praetereuntium
1194 969 1242 1001 ou-

31 1027 94 1084 dito,
128 1026 261 1076 siluarum
290 1022 400 1076 latebris
427 1039 454 1073 se
482 1022 689 1072 occuluerunt.'’
724 1020 829 1073 Walch.
856 1051 892 1062 -
938 1026 1015 1093 ipso,
1046 1023 1116 1076 solo.
1150 1039 1176 1074 r.
1206 1021 1241 1076 ad

30 1100 197 1154 owni

88 1175 112 1224 1.
148 1169 278 1238 Reliquus
297 1175 336 1220 est
354 1182 483 1220 numerus
502 1171 668 1238 ignavorum
687 1173 713 1219 et
730 1169 927 1230 metuentium,
957 1185 1023 1239 quos
1042 1169 1116 1240 quod
1130 1168 1260 1222 tandem·

28 1247 169 1304 inventast,
196 1259 252 1294 non
270 1245 450 1298 restiterunt,
475 1239 569 1303 (nobis
589 1239 778 1304 obstiterunt)
802 1241 852 1294 sed
865 1240 1027 1310 deprehensi
1042 1249 1109 1296 eunt
1125 1245 1242 1296 novissi-

28 1323 76 1368 ni:
104 1316 162 1368 ideo
180 1322 297 1366 anemo
314 1320 387 1364 metu
405 1331 523 1382 corpora
540 1313 654 1382 defixere
673 1317 703 1365 in
723 1313 766 1368 tu
784 1316 913 1384 vestigiis
931 1321 985 1368 oet.
1023 1316 1087 1380 „lta
1114 1313 1143 1366 h.
1168 1313 1188 1366 l.
1213 1322 1241 1366 st

28 1387 246 1458 interpunrenda
266 1393 332 1438 sunt
347 1385 450 1450 rerba,
464 1393 499 1462 ¹et
517 1385 652 1460 legenda,
672 1401 741 1454 non,
760 1395 793 1438 ut
813 1387 843 1437 in
863 1385 925 1440 edd.
945 1394 1002 1440 vet.
1023 1387 1240 1442 intentarat.

25 1481 81 1532 quos
98 1431 171 1533 quod
186 1459 215 1530 (q
235 1459 266 1509 in
285 1461 345 1510 Pul.
366 1459 408 1523 2.)
426 1457 537 1510 tandem
556 1462 720 1520 invenistis,
740 1477 795 1512 non
815 1462 996 1520 restiterunt,
1023 1461 1072 1512 sid
1087 1459 1244 1530 deprehensi

23 1545 94 1588 suut:
129 1534 275 1586 nouissime
300 1532 332 1582 id
353 1539 381 1582 et
407 1538 526 1583 extrenm
551 1538 625 1582 metu
644 1549 665 1582 c.
685 1529 738 1599 def.
757 1535 845 1583 aciem
865 1537 894 1584 in
915 1531 959 1584 his
976 1541 1040 1584 uest.
1061 1541 1113 1585 cet.
1151 1534 1195 1586 lta
1215 1541 1242 1586 et

24 1611 76 1659 vn.
95 1610 176 1663 3629.
197 1604 253 1656 nisi
272 1603 350 1672 quod
369 1604 400 1654 in
420 1619 454 1655 eo
473 1621 515 1658 res
535 1611 560 1655 et
577 1619 633 1672 pro
653 1603 684 1656 td
700 1611 733 1662 et,
753 1605 800 1656 cui
821 1603 852 1656 id
868 1612 908 1658 est
925 1603 1155 1658 substituendum
1176 1621 1243 1658 cen·

24 1682 92 1733 sehet
113 1678 204 1732 Bhen.
226 1675 274 1730 sed
293 1676 401 1729 rectius
421 1676 481 1727 ideo
501 1675 579 1729 Pich.
618 1675 698 1729 idem
726 1684 823 1729 tamen
851 1675 940 1729 Rhen.
973 1678 1090 1752 egregie
1118 1677 1244 1748 suspica-

23 1754 114 1818 batur,
142 1748 345 1821 reponendum
365 1765 423 1802 esse
442 1752 602 1806 nouissimi,
632 1754 766 1802 stactem
785 1747 881 1802 rideri
900 1749 1024 1824 glossam
1042 1749 1109 1802 roci
1127 1767 1244 1820 corpora

21 1826 202 1895 adso-ipram.
244 1823 317 1890 Quas
341 1822 415 1892 quod
434 1829 455 1874 t.
476 1825 624 1876 invenistis
643 1829 699 1876 cet.
739 1821 920 1875 Graecorum
939 1837 1021 1876 more
1040 1823 1151 1876 dicnnn
1169 1839 1242 1892 pro:

20 1903 75 1969 gri,
93 1898 167 1968 quod
184 1898 332 1949 inuenietis
351 1914 409 1954 eos,
437 1913 494 1950 non
514 1897 696 1956 restiterunt,
720 1895 769 1948 sed
784 1893 944 1963 deprehensi
960 1903 1040 1957 sunt,
1066 1897 1139 1967 quod
1155 1899 1245 1950 novis-

20 1975 80 2023 simi
96 1978 165 2024 sunt
184 1968 233 2022 vel
260 1977 290 2020 ut
308 1971 458 2022 novissimi.
505 1968 590 2018 Hunc
616 1967 735 2020 relativi
760 1985 844 2020 usum
869 1968 1013 2038 exemplis
1036 1967 1184 2022 illustravi
1213 1969 1245 2022 iu
1268 1965 1278 2006 ⁸
1364 1985 1368 1990 ·

20 2044 136 2097 Emend.
158 2041 225 2094 hir.
245 2057 273 2112 p.
294 2044 336 2095 80.
381 2041 457 2093 Nota
477 2047 545 2091 sunt
563 2039 616 2091 illa
634 2037 795 2092 Eunuchum
814 2057 892 2112 quem
911 2041 1030 2103 dedisti,
1063 2061 1132 2114 quas
1150 2043 1244 2096 turdos

19 2119 103 2177 dedit,
125 2123 153 2168 et
176 2113 276 2165 Urbem
294 2131 376 2184 quum
394 2115 555 2172 statuistis,
582 2119 675 2164 uestra
694 2121 739 2166 est.
777 2112 831 2164 His
859 2113 922 2165 add.
947 2113 1014 2166 Tac.
1035 2114 1106 2167 Ann.
1127 2117 1178 2181 15,
1198 2117 1244 2182 52,

20 2195 38 2244 l.
56 2191 118 2242 cic.
140 2188 228 2241 Verr.
249 2192 283 2250 1,
303 2191 329 2242 9.
351 2189 429 2256 (qui,
448 2185 621 2257 quamohrem
639 2193 854 2245 arcesserentur,
874 2203 956 2256 quum
975 2190 1170 2258 intelligerent,
1189 2205 1245 2241 non

19 2265 130 2324 unisse)
149 2259 188 2312 de
206 2261 242 2312 N.
262 2259 296 2311 D.
316 2263 346 2320 3,
369 2261 411 2313 11.
432 2260 504 2327 (Qui
521 2263 667 2329 quonium,
686 2259 756 2330 quid
771 2259 879 2320 diceret,
899 2261 1025 2332 intelligi
1041 2263 1144 2325 noluit,
1164 2265 1246 2313 ornit-

20 2345 122 2396 ιω,
151 2331 203 2384 ubi
231 2333 267 2384 ci.
287 2331 448 2400 Wopkens.
475 2333 569 2386 Leott.
590 2329 669 2384 Tull.
688 2349 717 2401 p.
737 2334 815 2396 217.)
838 2331 938 2385 Horat.
962 2331 1054 2389 Senn.
1079 2339 1116 2400 2,
1142 2335 1174 2398 2,
1199 2335 1244 2390 58.

19 2409 67 2460 sl”
89 2403 202 2458 Walch.
239 2404 288 2456 sed
302 2405 375 2474 depr.
395 2423 416 2458 s.
437 2407 595 2464 nouissimi,
614 2423 648 2458 ac
664 2407 737 2459 uelut
754 2413 872 2458 extremo
889 2412 965 2456 metu
984 2407 1087 2474 (quum
1106 2415 1179 2460 esset
1196 2423 1247 2462 ve-

18 2481 54 2532 lut
73 2489 228 2534 extremus
247 2484 340 2529 metus
361 2483 390 2529 et
407 2485 472 2530 ante
493 2477 591 2530 oculos
611 2484 690 2530 certa
709 2477 798 2546 mors)
827 2493 942 2547 corpora
965 2478 1080 2547 definere
1108 2483 1138 2532 in
1157 2479 1244 2534 hiso.

17 2571 87 2608 corr.
110 2553 207 2604 Baeti.
246 2548 401 2604 Nouissima
433 2551 465 2602 id
488 2559 528 2604 est
547 2557 667 2602 extremo
684 2557 757 2602 metu
776 2567 890 2618 corporo
908 2549 934 2603 d.
956 2553 975 2602 i.
996 2550 1021 2602 h.
1040 2570 1065 2605 o.
1086 2551 1157 2606 olim
1176 2553 1247 2604 scri·

16 2636 93 2696 ptum
117 2624 208 2677 fuisse
228 2629 258 2674 et
275 2621 362 2675 rerba
382 2623 468 2676 idest
486 2631 604 2676 extremo
629 2639 664 2674 ex
686 2639 781 2696 marg.
802 2622 956 2692 irrepsisse
974 2639 1034 2676 non
1053 2623 1130 2678 male
1149 2625 1245 2696 suspi-

16 2708 95 2750 cetur
121 2695 251 2768 selling.
289 2693 423 2748 Aliorum
456 2696 639 2748 coniecturas
669 2696 885 2764 praetermitto.
924 2695 1082 2763 deprehensi
1098 2705 1186 2760 sunt,
1217 2715 1245 2750 r.

16 2771 45 2823 ad
65 2789 91 2822 c.
115 2775 141 2824 7.
162 2787 194 2820 n.
214 2771 241 2823 2.
278 2785 395 2836 corpora
423 2769 535 2838 defluere
560 2775 718 2820 statuarum
746 2767 839 2820 instem
863 2775 892 2820 et
915 2767 1123 2822 machinarum.
1142 2797 1180 2812 -
1214 2773 1247 2822 in

12 2843 50 2897 ln
69 2843 217 2912 uestigiis,
236 2840 267 2890 in
285 2839 343 2894 hoc
362 2839 436 2906 loco,
456 2841 507 2894 ubi
527 2847 613 2904 stant,
632 2848 666 2891 ut
685 2839 747 2892 Cic.
769 2840 829 2893 Cat.
848 2843 876 2907 1,
897 2844 923 2896 6.
943 2840 1007 2895 Liv.
1027 2845 1072 2910 22,
1092 2847 1137 2900 to:
1155 2839 1193 2896 al.
1211 2871 1248 2884 -··

12 2917 192 2985 spectabilem
208 2916 377 2973 victorium,
395 2931 424 2966 v.
445 2913 481 2965 ad
498 2913 571 2965 Ano.
595 2918 628 2978 1,
648 2916 683 2978 1,
703 2915 730 2966 t.

77 2993 107 3043 5.
149 2987 319 3056 Transigite
337 3005 397 3040 cum
416 2987 635 3056 expeditionibus
652 2985 683 3036 in
701 2983 892 3052 Britanniam,
912 2983 941 3038 h.
954 3003 977 3039 o.
990 2986 1074 3042 finite
1093 3003 1148 3056 ees,
1168 2988 1247 3058 quod

13 3069 163 3132 sumptum
186 3076 256 3112 ere
272 3059 441 3128 pecuniaria
466 3065 496 3112 st
519 3058 643 3112 forensi:
674 3075 742 3109 nam
767 3058 852 3110 finita
879 3067 922 3111 est
949 3061 1166 3128 controversia,
1197 3059 1246 3113 ubi

12 3151 75 3186 tum
97 3134 276 3208 litigatore,
303 3131 446 3197 debitore,
475 3132 619 3186 creditore
638 3130 844 3206 transegimus3
867 3131 936 3184 Ern.
976 3131 1024 3185 Gi.
1044 3131 1080 3185 ad
1105 3133 1178 3187 Anu.
1201 3135 1246 3198 12,

12 3211 47 3262 ta
69 3215 100 3260 et
122 3205 160 3258 G.
186 3207 231 3260 19.
251 3221 279 3256 n.
300 3207 344 3260 12.
383 3204 452 3270 „sio
479 3212 508 3256 et
534 3203 647 3274 pulchre
665 3200 763 3271 suerit
780 3204 841 3256 cum
859 3207 982 3256 materia
1000 3207 1122 3260 tumultu
1148 3214 1176 3259 et
1193 3208 1247 3259 clu·

10 3299 77 3332 aare
99 3284 286 3331 mmm
305 3294 350 3347 ap.
372 3277 510 3344 Quinctil.
531 3279 554 3330 1.
576 3277 606 3329 0.
627 3279 661 3342 7,
682 3280 716 3341 1,
735 3278 780 3329 11.
820 3276 981 3347 tamenne
1004 3295 1026 3330 e.
1055 3297 1131 3349 erp„
1159 3283 1247 3350 irnpe-

9 3357 61 3404 n'ee
81 3352 117 3405 L.
139 3353 234 3404 annis
252 3367 385 3421 magnum
402 3351 475 3404 diem
492 3349 597 3403 reddas
617 3348 715 3402 Germ·
742 3349 873 3403 Schliesst
890 3350 925 3401 ah
942 3354 997 3402 mit
1014 3351 1064 3404 den
1082 3351 1247 3423 Feldudgen,

9 3423 103 3478 boun
121 3425 173 3476 die
187 3421 313 3494 sunssig
330 3422 415 3476 Jahre
433 3425 486 3474 mit
508 3426 596 3476 tinem
619 3437 732 3492 grenan
753 3421 829 3492 fag,
858 3422 908 3474 vel
929 3427 1001 3475 aetat
1028 3441 1110 3477 euren
1141 3423 1247 3478 l'ltuten

8 3497 51 3550 dm
71 3499 184 3552 Krarrz
203 3493 273 3564 «πός
302 3513 369 3547 nam
396 3495 553 3564 duplaris.
574 3495 595 3546 1.
620 3493 791 3564 metaphora
809 3493 957 3568 iungitur,
984 3502 1017 3546 ut
1036 3495 1073 3548 H.
1094 3501 1125 3562 1,
1146 3501 1181 3553 16
1198 3513 1244 3568 pr.

1 3548 3 3597 i
27 3575 104 3638 ,52
128 3575 180 3626 1⁰.
205 3568 236 3621 Ο.
256 3571 300 3624 33.
321 3587 349 3620 n.
370 3573 395 3622 1.
424 3567 484 3620 Cio.
503 3585 547 3621 or.
566 3570 609 3622 55.
640 3573 781 3632 (numerus
805 3571 886 3638 quasi
909 3569 1047 3638 qumrdam
1073 3569 1252 3637 palaestrom'

6 3651 31 3692 rt
45 3653 183 3697 utrem
204 3644 373 3695 aucmenta
392 3645 515 3693 omticni
530 3641 646 3703 atmlit)
673 3640 744 3694 Hor.
769 3639 863 3693 Seno.
884 3643 965 3706 1,1,
987 3645 1029 3696 11.
1065 3642 1134 3696 Dies
1152 3650 1247 3697 autern

24 3742 28 3753 ι
59 3718 112 3786 qd.
150 3723 224 3768 actu
243 3714 312 3777 dici,
339 3712 669 3784 recurrentiumque
686 3711 747 3764 dies
766 3711 853 3766 affert
872 3719 902 3765 et
919 3713 1052 3766 ostendit.
1082 3732 1110 3766 v.
1130 3713 1245 3769 Ruhnk.

1 3787 37 3859 ..il
52 3791 133 3843 vell.
157 3792 199 3854 2,
218 3789 284 3843 35.”
305 3785 410 3839 Watch
431 3785 474 3839 Gt
495 3785 532 3838 ad
549 3786 623 3838 Aun.
643 3787 671 3850 6,
689 3785 734 3840 21).
771 3784 907 3856 Magnum
926 3786 997 3839 diem
1015 3795 1123 3840 vocant
1140 3788 1259 3852 Latini,··

1 3878 126 3916 ÷ores
150 3863 193 3914 in
216 3860 359 3912 nltimam
384 3858 543 3911 discrimen
568 3857 739 3922 adducitur,
775 3873 821 3910 res
846 3858 972 3911 maxime
998 3859 1077 3913 oleru
1099 3869 1246 3930 patratur,

106 3936 159 3990 cf.
187 3949 262 4004 quoa
281 3931 412 3996 laudaut,
439 3931 530 3983 Gron.
552 3929 587 3982 ad
605 3929 706 3982 lustin.
726 3931 760 3997 9,
779 3933 807 3985 6.
836 3929 924 3984 Corte
945 3930 986 3983 ad'
1000 3931 1060 3984 (lic.
1082 3937 1180 4004 ep.2,
1201 3937 1245 3992 12.

0 4013 8 4048 t
39 4025 95 4061 rm.
117 4007 164 4062 ad
189 4005 275 4060 Ouid.
293 4021 350 4056 am.
369 4006 398 4070 ³,
410 4007 444 4065 ’9,
463 4005 508 4058 tt.
527 4002 563 4056 ad
582 4003 690 4056 leucen.
711 4005 738 4067 ⁷,
758 4005 802 4058 90.
824 4001 899 4056 nuk.
919 4003 955 4055 ad
972 4003 1051 4057 Flor.
1062 4007 1090 4068 2,
1110 4009 1140 4069 s,
1157 4009 1201 4060 68.
1214 4033 1245 4048 -

2 4089 7 4132 ¹.
31 4104 111 4125 .
154 4084 221 4134 'aaa
247 4081 348 4139 annu,
379 4089 500 4130 numero
528 4073 661 4130 rotundo.
706 4074 760 4138 „a
786 4075 968 4129 Plautius-ut
992 4093 1062 4130 mox
1086 4077 1148 4150 ipse
1172 4079 1245 4149 tmp.

90 4155 199 4282 ‘⁰⁵13‘
211 4153 338 4282 gam,
359 4147 988 4276 Regitgppiatamtpxpffiilonem'.sugoepereb,
1016 4167 1050 4202 ac
1067 4149 1248 4276 proittrdplead

1 4240 2 4245 ’
91 4245 121 4279 ι.
182 4263 193 4278 .
296 4236 369 4276 num
474 4237 635 4283 renrn¹
735 4239 814 4275 aunt.
1009 4239 1247 4277 mnuesam

40 4297 140 4362 serene
161 4298 202 4353 L.
221 4298 339 4352 annis.’'
363 4293 442 4347 Brun
467 4319 505 4334 ·-
538 4294 693 4364 imputari.-
718 4294 751 4350 in
774 4295 837 4348 Vnt.
857 4235 938 4351 iffi.
967 4297 1113 4364 impura-e.
1133 4323 1170 4337 -
1198 4304 1247 4349 nu

1 4376 86 4437 ,ΙΝ
103 4373 257 4427 settim
274 4383 380 4428 causas
404 4367 570 4433 mhellnndtf
598 4383 726 4438 perros
754 4375 803 4422 aut
826 4367 976 4444 ignariam
999 4373 1125 4422 vestram
1150 4368 1246 4422 minus
