2770 4792
187 189 250 252 ns
600 159 991 242 sonoomsvuu

191 353 285 406 uenus
304 349 385 418 quasi
404 346 619 400 commendatus
638 343 765 399 satiatis
783 346 983 409 scissurus,
1020 351 1053 396 ut
1081 343 1134 412 qui
1157 359 1188 396 se
1209 343 1266 396 ism
1283 349 1337 394 tum
1353 341 1372 394 d

190 441 280 500 gnum
300 420 490 490 imperatorio
509 417 626 494 fastigio
644 416 848 488 praesuma·
866 417 935 472 ΕΜ.
973 415 1071 484 „Quae
1102 415 1235 470 omnibus
1257 433 1338 484 paene
1353 433 1372 466 u

191 497 286 550 risisse
305 493 435 546 mireris:
463 508 530 545 nam
542 489 681 560 sor-tunae
698 507 727 542 se
744 490 867 550 tradere,
894 489 1083 543 commendare
1101 488 1208 557 aliquis
1226 496 1327 558 potest,
1342 503 1371 540 no

190 567 377 624 commendari
395 565 493 628 Fotis,
512 581 601 633 quae,
619 570 654 616 ut
672 562 769 616 verbis
786 561 854 616 sen.
872 565 908 616 N.
929 562 960 630 Q.
979 565 1014 628 2,
1032 563 1077 618 35.
1096 569 1171 627 utsr,
1191 580 1247 614 non
1265 564 1319 614 ullo
1334 577 1372 612 oon

190 649 335 696 monentur
348 655 446 709 prere,
465 655 520 690 non
539 635 732 690 misericordia
742 635 917 702 flectuntur,
945 653 1001 690 non
1019 637 1134 706 gratia,
1160 635 1208 687 sat
1223 641 1328 688 suomet
1343 649 1372 684 cul

188 735 250 770 sune
269 713 474 766 irrevocabilem
492 717 519 762 st
537 728 568 764 ex
587 709 727 762 destinato
737 709 855 774 fluunt5
890 707 968 762 unde
987 715 1016 760 et
1034 707 1153 760 Luciam
1173 707 1237 795 lup.
1256 708 1372 760 consuti

189 795 224 842 Ei
241 787 324 850 οὕτως
342 788 397 849 ἔχει
415 785 500 838 ταῦτα
518 789 564 837 sul
581 777 684 836 ninus
702 785 731 834 ni
750 786 855 856 Μοῖραι
880 783 1011 852 κρατοῦσι
1035 786 1082 834 sol
1105 779 1184 834 odite
1209 801 1242 834 us
1258 779 1372 836 on'oiisa

189 862 321 931 ἀλλαγείη
340 859 391 912 sois
410 855 482 917 einai
499 851 631 918 δοξάντων
649 853 758 915 αὐταῖς,
792 860 863 918 τίνος
888 856 967 909 isene
989 855 1051 924 ὑμῖν
1079 859 1104 906 oi
1128 853 1271 926 ἅνθρωποι
1289 849 1372 916 θύομεν

188 933 232 988 De
256 949 327 986 vero
352 929 507 984 verborum
535 945 619 982 seusu
645 943 673 979 v.
699 925 734 988 ad
758 927 832 980 Anu.
852 930 886 992 6,
906 929 960 991 22,
981 931 1005 980 1.
1044 924 1194 978 Ablstivus
1218 933 1310 978 autem
1327 921 1372 991 jot.

188 1022 244 1077 pro
269 1025 288 1057 α
305 1002 399 1074 sotis,
435 1009 468 1052 ut
494 1005 610 1070 propior
637 1003 774 1069 interpres
792 999 871 1069 sutis
897 1000 1005 1052 obium
1029 1001 1123 1052 senior
1140 997 1204 1050 uiv.
1224 1001 1258 1064 5,
1277 1000 1316 1050 15.
1349 997 1372 1084 til

188 1096 257 1204 tl:
274 1072 638 1204 ital...⁶“5:‘::?⁸.i“.*.t.
652 1069 1372 1216 111..1ῗ”..1,;1.’.1211·,11111111

188 1225 275 1278 Furio
294 1225 451 1292 recuperari
472 1223 572 1289 putria
593 1222 739 1290 potuerit,
764 1219 849 1272 'Hire
876 1217 903 1271 b.
932 1215 1022 1268 Afric.
1041 1218 1085 1272 78.
1113 1215 1175 1280 (ubi
1203 1218 1241 1270 ci.
1271 1211 1372 1268 Oudend

187 1315 241 1368 quo
258 1315 316 1350 rem
333 1301 442 1365 gestans
466 1297 642 1362 scripsimus,
679 1291 779 1344 Horat.
806 1291 961 1354 od.1‚6,
982 1293 1007 1342 1.
1047 1289 1179 1342 Scriberis
1200 1288 1372 1342 Vario-alit

188 1369 253 1424 ltlel.
274 1374 311 1434 3,
330 1373 357 1425 6,
396 1367 516 1436 Geryone
534 1365 691 1418 habitatam
710 1363 860 1419 insulosn.''
891 1361 997 1415 Wolels.
1037 1361 1079 1414 Ci.
1107 1361 1142 1415 ad
1167 1378 1191 1414 o.
1213 1363 1256 1416 16
1281 1379 1308 1412 u.
1325 1363 1346 1414 5.
1369 1377 1372 1408 l

189 1443 252 1495 lna
272 1442 326 1496 111.
347 1459 374 1493 v.
395 1440 522 1495 Ailutioi
540 1441 731 1492 instrumenti.

643 1619 836 1674 CAPUT
883 1619 954 1673 xlv,

271 1753 505 1816 Consularium
525 1753 654 1836 primus
675 1749 781 1816 Aulus
802 1748 950 1811 Plautius
972 1751 1182 1832 praepositus
1213 1767 1254 1810 ae
1275 1741 1372 1811 subiri

187 1837 340 1900 Ostorius
361 1835 524 1920 Scapula,
553 1843 697 1916 uterque
718 1835 801 1894 bello
824 1834 992 1978 egrqpius:
1031 1831 1233 1932 pedicisque
1254 1830 1372 1932 paulati

185 1925 219 1984 in
242 1925 383 1984 formam
404 1921 598 2004 provinciae
619 1918 771 2001 proxima
791 1937 869 2000 pars
918 1923 1092 1980 retannsae.
1136 1914 1261 1979 Addita
1278 1931 1372 1996 insupl

184 2015 420 2072 veteranorum
442 2003 580 2066 colonia.
624 1998 793 2082 Quaedam
810 2001 960 2064 civitates
979 1995 1151 2086 Cogiduno
1172 2002 1244 2086 regi
1266 1998 1372 2070 donata

160 2087 163 2097 '
185 2085 228 2165 (is
256 2088 303 2152 ad
325 2097 473 2150 nostram
504 2105 612 2168 usque
640 2087 834 2148 memoriam
861 2081 1041 2146 fidissimus
1070 2085 1206 2160 mansit)
1234 2092 1372 2148 veteres

184 2175 252 2233 iam
273 2171 402 2254 pridem
424 2177 558 2252 recepta
578 2169 695 2254 populi
716 2167 864 2230 Romani·
877 2166 1125 2249 cousuetudine,
1147 2178 1186 2230 ut
1205 2167 1342 2229 haberet
1358 2165 1372 2228 il

184 2263 368 2317 strumenta
398 2255 570 2317 servitutis
590 2261 626 2315 'et
647 2272 751 2339 reges.
802 2250 886 2314 Mox
901 2249 1021 2314 Didius
1037 2249 1150 2314 Gallus
1171 2261 1270 2334 parta
1291 2249 1372 2332 april

183 2337 278 2400 ribus
301 2339 483 2416 continuit,
504 2337 620 2420 paucis
636 2334 814 2398 admodum
836 2337 976 2397 castellis
998 2339 1033 2396 in
1055 2337 1216 2398 ulteriora
1238 2329 1372 2418 promoti

183 2442 244 2506 per
266 2441 351 2506 quae
371 2425 458 2486 iama
479 2421 568 2482 aucti
590 2420 692 2481 officii
715 2429 945 2502 quaereretur.
988 2417 1125 2480 Didium
1156 2417 1327 2482 Veranius
1356 2435 1370 2474 e

182 2507 285 2589 cepit,
319 2509 413 2590 isque
434 2507 525 2566 intra
544 2524 668 2564 aunmn
690 2505 870 2574 exstinctus
893 2513 951 2564 est.
1006 2497 1184 2574 Suetonius
1207 2503 1286 2564 hinc
1307 2499 1371 2562 Pau]

181 2611 246 2652 uus
268 2590 402 2652 biennio
424 2606 602 2672 prosperas
624 2607 678 2650 res
701 2587 837 2658 habuit,
879 2587 1025 2650 subactis
1047 2586 1238 2648 nationibus
1259 2583 1371 2647 firmati

181 2693 247 2758 qus
267 2672 464 2756 praesidiis3
487 2689 632 2754 quorum
653 2668 776 2732 fiducia
798 2669 936 2733 Monam
957 2671 1115 2742 insulam,
1138 2678 1177 2732 ut
1197 2673 1290 2732 vires
1311 2668 1371 2730 reu

180 2758 266 2820 libus
288 2761 551 2835 ministrantem,
574 2775 747 2840 aggressus
769 2763 862 2838 terga
883 2756 1048 2816 occasioni
1069 2755 1235 2838 patefecit.

252 2895 278 2944 1.
316 2891 512 2944 Consularium
540 2889 580 2957 (v.
601 2889 637 2942 ad
655 2888 731 2940 Anu.
751 2893 787 2954 1,
807 2892 861 2954 74,
881 2891 920 2949 1.)
941 2893 1097 2958 primus-
1102 2893 1281 2958 praepositus
1299 2887 1371 2940 Briu

180 2962 254 3014 uiae.
293 2963 331 3014 Hi
356 2961 539 3026 consulares,
571 2961 736 3014 Britanniae
761 2961 795 3013 ab
822 2979 846 3014 a.
874 2963 909 3016 U.
933 2965 1103 3018 796-838.
1128 2979 1153 3014 a.
1182 2959 1251 3016 Chr.
1282 2961 1371 3016 434

180 3037 669 3176 tuitii.‘ittaieiisii
686 3033 1257 3172 titiis.‘titioiliiifhl
1272 3035 1371 3158 lit...

180 3187 210 3232 et
231 3180 379 3232 Suetonius
400 3178 551 3240 Paulinus,
571 3178 622 3232 sub
642 3177 735 3232 Galba
754 3187 783 3231 et
802 3177 913 3233 Othone
933 3179 1081 3234 Petronius
1101 3179 1284 3250 Turpilianus
1304 3187 1332 3232 et
1352 3171 1371 3232 ll

179 3253 277 3306 tellus
305 3251 463 3312 Maximus,
496 3252 548 3306 sub
573 3251 695 3306 Vitellio
723 3250 832 3305 Vettius
857 3252 995 3312 Bolanus,
1027 3253 1078 3306 sub
1102 3251 1277 3323 Vespasiano
1298 3251 1371 3304 Petili

179 3325 299 3378 Cerialis
318 3331 348 3378 et
364 3323 454 3379 Iulius
473 3325 647 3386 Frontinus,
682 3323 734 3376 sub
752 3323 920 3378 Domitiano
941 3326 968 3378 C.
987 3326 1077 3380 Iulius
1095 3327 1237 3396 Agricola.
1257 3354 1296 3366 -
1326 3307 1371 3394 Aul

179 3395 307 3452 Plautius
336 3399 450 3471 legatus
479 3416 503 3454 a.
524 3398 558 3451 U.
578 3399 742 3454 teo-sou.
769 3398 806 3448 cf.
827 3397 862 3450 ad
880 3397 957 3452 Anu.
979 3403 1027 3465 11,
1045 3402 1089 3455 36.
1112 3403 1164 3464 13,
1184 3401 1228 3455 32.
1258 3399 1297 3450 H.
1317 3401 1370 3460 1,.’

178 3473 205 3526 7.
225 3472 281 3526 Dio
301 3473 355 3536 60,
375 3475 419 3528 ts.
447 3471 517 3525 aussi
535 3471 565 3525 di
583 3473 630 3525 τάν
649 3468 732 3525 αὐτὸν
749 3471 845 3524 τοῦτον
862 3468 962 3543 χρόνον
980 3473 1070 3535 Αὐλος
1088 3471 1240 3534 Πλαύτιος,
1267 3471 1370 3540 destas

179 3540 377 3615 ioyepoisutoo,
404 3546 432 3606 ἐς
449 3543 497 3610 τήν
515 3547 677 3613 Βρεττανίαν
694 3539 873 3614 ἐστράτευσεν.
918 3543 965 3596 Ex
982 3543 1011 3596 h.
1032 3545 1052 3596 l.
1072 3545 1175 3598 Dionis
1193 3543 1333 3596 fimatur
1351 3561 1370 3592 v

215 3624 246 3670 ta
268 3616 372 3681 leotio;
400 3616 452 3669 Dr.
500 3615 630 3668 Plancius
659 3634 680 3668 s.
711 3615 838 3667 Plautius
866 3615 930 3669 Vat.
958 3619 1039 3674 3429.
1068 3617 1131 3670 Put.
1159 3627 1235 3680 nes,
1265 3615 1358 3668 Rhea.

201 3689 306 3742 lautius
325 3687 416 3742 Rhea.
436 3691 463 3744 2.
482 3691 508 3744 3.
529 3693 559 3741 et
578 3704 657 3756 seqq.
695 3689 832 3742 Aelianus
850 3687 981 3744 Plautius
999 3689 1063 3758 Bip.
1082 3688 1141 3743 Sed
1159 3707 1187 3742 v.
1209 3688 1244 3742 ad
1262 3689 1300 3740 H.
1321 3692 1349 3752 1,
1367 3691 1370 3740 l

177 3789 215 3804 -
247 3759 275 3813 P.
305 3760 432 3815 Ostorius
458 3761 578 3830 &aurula
602 3777 627 3812 a.
658 3761 694 3813 U.
720 3762 898 3818 800-803.
928 3779 954 3814 v.
981 3761 1045 3814 lud.
1083 3761 1148 3826 „Ab
1175 3777 1208 3816 eo
1227 3762 1370 3814 nominate

181 3833 404 3904 Oyster-HilI,
434 3840 561 3886 castrum
590 3831 672 3886 Rom.
699 3848 795 3902 prope
821 3849 888 3904 opp.
917 3833 1056 3903 Heresord
1076 3835 1107 3886 in
1126 3832 1353 3904 Heresordslsire‚

178 3905 318 3976 parochia
345 3905 465 3958 Dindsr.
492 3923 518 3956 v.
547 3903 701 3960 Cambden.
732 3903 804 3958 Brit.
829 3905 866 3976 by
892 3906 1001 3962 Gibson
1019 3923 1048 3977 p.
1067 3910 1130 3966 580.
1150 3907 1183 3960 Τ.
1203 3911 1230 3962 3.
1250 3924 1281 3976 p.
1303 3909 1370 3962 'il-i

177 3980 277 4036 1866.”
295 3979 370 4030 Brot-
409 3979 451 4031 cf.
472 3977 509 4030 ad
527 3993 589 4046 cap.
609 3979 654 4031 21.
674 3995 702 4030 n.
720 3982 748 4034 3.
767 4007 804 4020 -
835 3984 966 4048 prosimu
983 3997 1050 4050 pure
1068 3981 1139 4034 Brit.
1160 3987 1297 4049 respectu
1319 3989 1370 4034 teu

178 4059 207 4104 et
225 4050 300 4117 loci,
323 4065 380 4118 quo
399 4049 516 4102 Tacitus
534 4049 624 4114 vixit3
648 4049 752 4102 Walch.

248 4127 274 4180 2.
311 4123 418 4175 Addita
437 4127 551 4190 insuper
567 4129 758 4175 ueteranorum
776 4125 894 4186 colonia,
914 4124 1161 4178 Camulodunum.
1181 4143 1209 4177 v.
1229 4123 1266 4177 ad
1279 4125 1370 4178 Anus

175 4195 219 4250 32.
239 4198 276 4236 ’-
315 4195 454 4262 Quosdam
483 4197 613 4250 ciuitates
638 4195 782 4266 Cogiduno
807 4202 871 4270 regi
898 4198 1019 4252 donatus
1037 4206 1093 4252 oet.
1132 4197 1221 4252 Cuius
1246 4201 1331 4272 regis
1357 4215 1370 4250 u

175 4265 232 4317 nisi
252 4265 281 4319 h.
302 4265 323 4320 l.
344 4267 377 4320 fit
396 4267 521 4321 mentio:
554 4285 619 4320 nam
648 4267 724 4334 nlius
753 4277 796 4322 est
822 4275 845 4324 T
878 4267 1022 4342 όὸουμνος,
1056 4270 1204 4325 Cerastaei
1221 4271 1337 4338 irater,
1369 4291 1370 4320 l

174 4337 258 4390 Dion.
284 4343 338 4406 66,
363 4342 408 4397 21).
439 4339 472 4392 ab
501 4337 532 4392 Α.
561 4341 674 4394 Plautio
704 4342 818 4406 victus;
885 4343 954 4398 oleh.
1000 4345 1142 4416 Cogidureo
1168 4345 1229 4397 sut.
1252 4349 1276 4399 1.
1299 4349 1330 4401 2.
1352 4345 1370 4404 ll
