2756 4792
405 234 555 303 ‚CAPUT
584 233 739 302 XXXIII.
825 253 826 258 ’
1136 241 1197 307 437

20 398 224 462 nassovius
242 408 272 454 et
290 401 352 456 elii.
392 401 436 456 Gt.
465 401 500 456 sd
526 401 561 455 G.
582 406 626 456 11.
652 419 680 456 ιι.
700 405 727 458 4.
757 405 786 453 et
805 415 829 454 c.
849 403 894 457 30.
916 418 943 457 ιι.
966 407 989 456 1.
1028 403 1195 473 Scripturas

17 472 788 616 n.‘zsststnstesptssersti·
815 471 999 616 stete
1014 474 1194 604 “itast

16 615 121 684 quaem,
136 636 160 670 v.
180 619 216 674 sd
233 621 303 694 Agr.
319 623 362 676 34.
383 635 412 672 ιι.
427 622 453 676 5.
490 583 692 684 Lineamenia,
709 625 743 672 nt
761 620 865 680 lineae,
884 620 1004 690 proprie
1024 621 1193 692 depictum

14 697 32 738 et
45 704 91 756 ere,
114 689 184 744 unde
205 696 314 760 primas
339 693 428 746 lineas
452 693 563 752 ducere,
583 691 681 762 facere
700 697 753 747 cet·
792 693 960 746 liniamenta
985 693 1029 746 ed.
1055 710 1099 764 pr.
1127 694 1190 749 Ber.

13 759 75 814 Ilien
89 771 153 829 tres,
170 763 275 818 Frsnc.
296 760 442 818 linimento
460 767 522 818 rue.
542 765 606 818 niv.

58 836 78 888 2.
108 834 175 888 Nam
200 840 297 908 quibus
324 835 374 904 (sc.
395 837 502 890 artibus
522 857 543 890 s.
563 835 677 906 studiis)
706 839 811 889 instrui
833 845 937 892 veteres
963 846 1087 894 oratores
1110 841 1191 895 soliti

11 915 66 965 sint,
81 907 164 962 tana
182 926 243 978 cap.
263 914 307 966 30.
327 913 372 964 31.
391 911 436 965 32.
473 913 556 963 soliti
583 916 649 964 sunt
673 908 715 962 ed.
742 925 788 978 pr.
815 910 876 962 Pnt.
897 909 962 964 Ber.
982 909 1073 969 Rhen.
1094 917 1118 966 1.
1138 913 1189 967 Dr.

11 977 39 1028 02.
65 979 116 1044 „De
136 978 189 1034 Isse
213 982 430 1035 constructione
458 982 545 1036 multi
574 981 729 1035 dixemnt:
757 997 833 1034 unns
860 983 976 1058 legetur
1000 999 1071 1054 pree
1097 985 1190 1038 omni·

10 1047 41 1100 Ins
60 1051 158 1122 Zumpt.
191 1053 289 1106 Gram.
319 1051 349 1121 f.
377 1054 438 1109 553.
470 1055 514 1108 ed.
544 1055 604 1106 V.”
630 1055 683 1107 Dr.
735 1055 817 1107 soliti
849 1060 908 1109 sint
941 1072 965 1108 c.
1002 1055 1087 1109 Fam.
1124 1057 1187 1111 edd.
1235 1081 1241 1090 ·

10 1119 69 1174 ihsn
84 1127 106 1180 2.
123 1125 184 1178 Atd.
209 1125 288 1196 Lips.
309 1133 337 1178 et
356 1126 409 1178 rel.
429 1155 466 1166 -
482 1151 483 1154 ¹
499 1123 691 1195 differentiam
715 1125 835 1180 desidiae
858 1136 886 1182 et
906 1131 1070 1182 inscientiae
1096 1129 1190 1183 adaer-

10 1209 37 1246 tts
59 1213 91 1246 cc.
117 1205 143 1250 et
164 1197 223 1267 fec.
253 1216 275 1250 e.
303 1199 415 1259 studia,
447 1217 475 1251 v.
504 1201 539 1252 sd
571 1199 606 1252 G.
626 1203 668 1256 ts.
700 1215 728 1252 ιι.
750 1203 776 1254 4.
802 1199 872 1274 Agr.
894 1203 920 1254 4.
946 1217 975 1252 ιι.
994 1204 1020 1256 6.
1073 1205 1189 1256 inscien-

10 1269 43 1316 t'a
62 1267 140 1322 then.
159 1271 186 1324 2
205 1275 231 1326 3.
257 1277 285 1323 et
303 1287 361 1324 rec.
394 1274 527 1324 scientiae
551 1271 595 1325 ed.
622 1287 667 1342 pr.
694 1271 757 1325 I’nt.
785 1269 851 1324 Ber.
877 1271 969 1325 Ithen.
990 1277 1015 1326 1.
1051 1274 1188 1328 Adversus

10 1335 51 1390 tl.
67 1339 93 1390 in
109 1342 316 1412 comparatione
334 1357 389 1412 pro
408 1343 461 1405 ad,
488 1359 538 1396 een
563 1359 618 1413 pro
643 1341 763 1397 desidiae
791 1360 852 1394 curn
878 1345 981 1398 studiis
1004 1361 1098 1397 eorum
1116 1363 1188 1398 corn·

10 1416 101 1473 masaa·
126 1413 183 1467 Scls.
220 1415 313 1467 Immo
337 1414 464 1467 adsersus
487 1411 517 1465 h.
537 1415 558 1466 I.
578 1413 764 1468 referendum
789 1413 960 1479 stlocum,
989 1422 1021 1465 nt
1040 1417 1187 1490 significet

10 1485 124 1550 rugium,-
140 1487 191 1536 Dr.
228 1484 286 1536 Illa
313 1485 386 1538 ratio
407 1484 609 1555 praeferende.
628 1513 666 1524 —
697 1493 786 1538 cetera
813 1493 952 1554 exspecto,
979 1493 1110 1540 cetemm
1137 1505 1186 1542 ex·

10 1561 78 1618 neco.
102 1574 127 1608 r.
154 1556 189 1608 nd
213 1555 288 1608 Αιιιι.
308 1559 340 1621 3,
360 1558 402 1612 15.
440 1575 461 1610 c.
489 1565 609 1626 excepto,
634 1565 683 1620 ut,
713 1576 738 1628 q.
759 1575 790 1609 ea
808 1565 834 1610 te
852 1558 910 1612 dici
927 1558 970 1612 ed.
990 1575 1035 1628 pr.
1055 1587 1092 1598 -
1138 1560 1188 1613 uid

10 1631 34 1674 nt
47 1628 86 1678 illi
98 1632 216 1690 seirent,
250 1637 301 1682 aret
318 1647 368 1682 nos
386 1635 558 1684 nesciamus.-
583 1628 726 1684 Schureii.
745 1629 818 1681 Ern.
838 1629 940 1684 ileum.
960 1629 1009 1684 Or.
1028 1578 1184 1706 legendnm

10 1697 104 1750 uniant
120 1703 249 1760 scierint,
278 1705 324 1763 (nt
342 1701 429 1772 paulo
456 1709 522 1756 ante
542 1709 571 1754 et
589 1709 653 1770 post
670 1705 751 1756 soliti
766 1700 838 1767 sint)
858 1709 886 1754 et
904 1702 979 1756 Ern.
1012 1709 1184 1758 nesciremus.

10 1767 36 1820 'ei
50 1769 114 1824 nihil
130 1773 309 1826 mutandum.
334 1774 402 1844 quid
416 1773 509 1828 Rhen.
528 1774 553 1828 2.
573 1777 599 1829 3.
619 1780 647 1826 et
665 1791 724 1827 rec.
749 1771 794 1843 qd‘
812 1773 856 1828 od.
874 1792 920 1844 pr.
948 1775 1020 1847 quod
1036 1777 1098 1828 Pnt.
1118 1776 1183 1829 Ber.

10 1837 151 1897 4441.-
184 1853 292 1911 iuvenes
312 1849 368 1898 iam
388 1845 454 1916 (qui
474 1845 666 1900 isminvenes
685 1851 764 1911 sunt)
789 1853 816 1898 et
827 1845 926 1915 forum
945 1851 1101 1919 ingressuri
1118 1847 1182 1902 edd.

10 1920 34 1964 st.
50 1923 73 1966 et
88 1935 142 1970 rec.
161 1936 255 1990 paene
274 1935 380 1973 ornnes.
418 1922 525 1972 tavena
543 1926 569 1971 et
586 1923 644 1972 iam
655 1916 684 1986 f
704 1921 724 1970 i.
743 1917 818 1972 coni.
838 1907 909 1972 sno.
948 1919 1088 1990 Gopnlsm
1104 1919 1183 1974 dele-

10 1999 42 2038 ns
55 1985 113 2044 Scis.
132 1990 182 2044 Ob.
203 1991 296 2044 Bekk.
316 1992 391 2044 litio:
409 1991 461 2045 Dr.
480 1992 524 2044 Os.
560 1990 750 2057 „Rectissime
770 1994 828 2043 iam
847 2000 875 2044 et
886 1991 1005 2062 feruens
1040 2001 1082 2046 est
1100 1992 1183 2046 scili-

10 2063 34 2108 lt
48 2071 103 2128 post
120 2061 274 2117 rhetorum
292 2063 406 2116 scholas
423 2063 539 2117 tandem
558 2063 647 2116 etiam
666 2063 761 2133 ipsum
780 2065 876 2116 lorum
895 2061 1082 2140 ingressuri?
1109 2065 1182 2120 Orel.

10 2125 61 2183 Iers
82 2135 198 2189 videtur
220 2134 293 2188 haec
312 2135 409 2189 lectio.
455 2135 636 2206 Exposnerst
662 2135 756 2202 enim,
784 2137 886 2204 quibus
910 2138 1018 2190 artibus
1043 2144 1182 2204 oratores,

10 2219 52 2254 ιιιιιι
70 2206 122 2260 ism
141 2209 278 2264 valerent
298 2207 475 2277 eloquentis,
499 2207 636 2260 instructi
656 2225 715 2262 esse
734 2207 895 2262 debuerint.
933 2209 1090 2279 Reliquum
1110 2217 1181 2277 eret,

10 2275 176 2344 tiiceretnr,
198 2281 270 2350 qnid
289 2281 376 2334 iidem
395 2281 490 2333 futuri
508 2287 637 2334 oratores
658 2279 715 2332 iam
734 2281 852 2334 invenes
871 2283 1000 2336 fecerint
1019 2299 1113 2350 neque
1131 2281 1181 2335 sd·

10 2349 127 2404 telorum
148 2351 305 2429 ingressi.”
327 2352 490 2406 Raucltenst.
520 2352 620 2422 forum
640 2355 805 2426 ingressuri,
831 2372 858 2407 v.
879 2354 915 2406 ed
933 2354 1007 2408 Αιιιι.
1027 2359 1061 2420 3,
1080 2357 1123 2411 29.
1151 2361 1181 2408 et·
1268 2361 1272 2366 ’

10 2421 40 2472 tsi.
57 2440 77 2476 e.
95 2429 138 2479 34.
174 2431 333 2497 ingressuri
356 2425 418 2478 Vnt.
444 2427 524 2482 1332.
553 2425 595 2480 ecl.
622 2426 694 2478 Ern.
716 2433 744 2479 et
763 2443 821 2480 rec.
859 2429 980 2497 ingressi
998 2442 1095 2480 ornnes
1115 2425 1180 2480 edd.

10 2497 34 2542 ts
48 2493 111 2548 Ern.
147 2497 232 2552 Illud
260 2499 368 2552 rectius
394 2515 456 2568 esse¹
478 2515 513 2552 ex
532 2514 594 2568 cap.
615 2514 674 2566 seq.
693 2505 791 2568 petet3
811 2501 863 2552 Dr.
883 2527 918 2538 -
948 2499 1126 2568 confirmare.-
1149 2499 1180 2550 in

10 2555 64 2634 [pr.
82 2589 142 2623 cum
154 2573 284 2642 fimare.
322 2572 356 2624 In
375 2570 474 2624 eadem
493 2571 581 2640 paulo
600 2577 665 2642 post
685 2579 750 2626 ante
769 2580 830 2624 arte
847 2572 958 2646 legitur
976 2572 1053 2632 dem,
1072 2573 1103 2623 in
1122 2587 1179 2639 qno

10 2637 47 2720 Ifffl
64 2641 151 2696 intere
171 2645 338 2715 mspicatnr
361 2643 412 2697 Dr.
450 2643 599 2718 „Egregia
625 2644 800 2697 coniectura.
838 2643 1038 2729 Exspectasses
1061 2643 1180 2713 quidem

10 2719 94 2780 nptnrn
113 2725 177 2770 arte
197 2719 261 2770 sala
279 2725 306 2768 et
329 2719 460 2770 scientia.-
487 2715 537 2770 sed
560 2718 648 2770 solum
673 2717 778 2786 passim
801 2715 941 2768 adiectivi
960 2716 1026 2770 loco
1051 2715 1178 2786 ponitur.

10 2781 143 2842 flectens.
164 2789 205 2842 ad
225 2789 286 2844 Cic.
307 2788 343 2842 de
361 2788 409 2841 fin.
431 2793 463 2854 1,
485 2793 533 2855 13,
553 2791 616 2842 w
636 2788 681 2841 Os.
701 2817 735 2828 -
755 2787 899 2858 facultate
919 2791 1101 2860 eloquentiam
1119 2804 1181 2840 can-

10 2859 44 2938 [⁹¹¹
58 2857 144 2914 then.
163 2865 193 2919 2.
215 2867 242 2918 3.
263 2869 292 2914 ct
310 2879 368 2916 rec.
411 2860 453 2914 cf.
473 2860 509 2914 ad
528 2859 564 2914 H.
582 2865 616 2926 3,
635 2863 686 2926 36,
705 2865 731 2916 4.
767 2859 908 2930 facultate
933 2869 958 2914 et
982 2863 1136 2932 eloquentia
1157 2877 1179 2912 c.

10 2943 66 2996 tutas
84 2931 146 2988 edd.
180 2935 331 3005 facultate
349 2941 376 2986 et
394 2933 576 2987 meditatione
593 2935 776 3006 eloquentiam
795 2952 815 2986 c.
836 2935 910 2988 coni.
932 2933 1029 3009 Agris.
1051 2941 1079 2988 et
1098 2933 1179 3002 hips.
1276 2953 1277 2956 ¹

10 3005 54 3066 [tet
70 3024 118 3058 usu
137 3011 330 3079 eloquentiam
349 3023 369 3059 c.
396 3005 541 3078 Tyrwhit.
565 3007 647 3076 prob.
667 3007 717 3058 Dr.
739 3014 767 3060 et
786 3006 832 3060 Or.
871 3008 963 3074 „Puto
989 3006 1130 3059 excidisse
1155 3012 1180 3058 et

10 3081 29 3122 t=
42 3093 102 3130 nam
114 3077 254 3148 facultas
273 3079 308 3132 sd
326 3080 535 3148 perfectionem
552 3077 688 3132 sufficere
708 3095 766 3133 non
785 3079 912 3143 videtur,
933 3087 961 3133 et
979 3079 1070 3132 ducor
1089 3095 1180 3131 mern·

10 3153 70 3201 Itum
95 3153 315 3206 concinnitate:
349 3159 410 3204 arte
432 3160 458 3204 et
482 3154 603 3204 scientia
620 3150 810 3221 -facultate
828 3161 855 3204 et
872 3169 930 3204 usu.
966 3151 1079 3224 'Eodem
1099 3149 1180 3202 ducit

10 3223 162 3278 tertiarum
193 3243 297 3279 nexus.
332 3224 386 3277 Est
412 3224 491 3278 enim
520 3239 616 3278 sermo
643 3223 678 3278 tle
706 3224 987 3278 exercitationibnsl'
1014 3223 1178 3278 Rauehenst.

10 3294 79 3350 ultas
96 3296 203 3352 Genu.
227 3297 356 3368 Ueiung,
381 3295 545 3358 Gallittae,
568 3296 736 3368 Fertigleit5
764 3295 852 3350 Weils.
890 3297 1045 3368 facultate,
1077 3314 1115 3350 se.
1136 3294 1180 3346 ‹Ii-

10 3363 52 3428 111,
70 3385 141 3436 quae
162 3389 223 3424 usu
244 3379 273 3424 et
293 3370 498 3424 exercitatione
517 3385 581 3422 coin
605 3377 718 3432 aratur,
737 3377 769 3422 ut
787 3369 875 3440 paulo
893 3378 957 3440 post
977 3377 1005 3422 et
1023 3387 1068 3440 ep.
1090 3367 1180 3434 Quin-

10 3440 166 3506 t292511·
196 3451 230 3496 et
253 3445 287 3505 2,
311 3445 353 3506 4.,
386 3441 534 3513 Fe'ilsiglteit
561 3385 706 3508 &fentlicls
727 3459 762 3494 zu
789 3443 880 3506 reden,·
910 3441 1014 3495 Sclsuls.
1051 3440 1121 3507 „Sic
1145 3439 1179 3492 sb

10 3503 50 3564 itio
69 3516 207 3570 Pollione
229 3513 348 3590 egregie
367 3513 492 3566 dictum:
531 3513 672 3569 Commode
695 3514 800 3586 agendo
818 3513 932 3584 factum
957 3523 1014 3577 est,
1046 3521 1077 3566 ut
1099 3529 1180 3580 saepe

10 3597 71 3636 'tvm
96 3607 180 3660 saepe
208 3589 334 3661 αςεηᾰο,
361 3591 503 3652 utminus
521 3588 675 3654 commode,·
700 3591 769 3658 qaia
786 3589 891 3640 scilicet
908 3587 1071 3641 assiduitate
1088 3587 1180 3638 nimia

10 3655 71 3713 tina,
86 3667 186 3734 magis
207 3679 294 3733 qaam
305 3661 444 3730 facultas,
463 3678 512 3712 nec
523 3660 645 3728 fiducia,
664 3662 713 3714 sed
724 3665 866 3714 temeritas
881 3667 1013 3729 paratur.
1048 3657 1179 3711 Facultas

10 3741 63 3796 tque
84 3735 302 3806 extemporalis
329 3733 445 3786 dicendi
456 3732 593 3801 facilitas
611 3741 654 3787 est
672 3751 716 3804 ap.
738 3732 857 3800 Quintil.
878 3735 912 3801 2,
932 3736 975 3788 4.”
992 3731 1070 3784 Brot.
1088 3759 1124 3772 -
1148 3729 1180 3782 tt

10 3817 58 3868 ,pt
74 3805 167 3862 Ithen.
189 3811 221 3864 2.
243 3812 269 3863 3.
289 3815 318 3860 et
336 3823 395 3860 rec.
432 3805 519 3858 Abest
537 3806 571 3859 ab
590 3807 633 3860 ed.
654 3808 715 3860 Put.
734 3806 799 3859 Ber.
818 3806 909 3861 Rhen.
930 3811 954 3861 1.

26 3879 46 3931 3.
78 3899 167 3950 quam
198 3879 281 3952 Aper
307 3887 335 3930 et
360 3877 495 3933 Secundus
530 3881 600 3932 idem
634 3883 809 3941 annuissent,
849 3898 875 3932 v.
902 3879 938 3932 sd
961 3878 1036 3932 Αιιιι.
1062 3879 1111 3944 15,
1135 3879 1179 3931 58.

10 3959 34 3997 ω
49 3960 115 4020 Aper
133 3971 251 4027 quaque
270 3959 296 4004 et
313 3952 339 4002 S.
368 3950 444 4006 MSS.
471 3952 534 4004 Vnt.
555 3951 598 4005 ed.
619 3951 697 4006 Brot.
719 3952 770 4006 Dr.
790 3953 833 4007 Os.
855 3951 902 4006 Or.
940 3951 998 4006 Sed
1018 3969 1120 4022 quoque
1139 3955 1182 4002 est

10 4015 96 4093 iouis,
118 4027 235 4097 quibus
256 4031 365 4077 scatent
384 4025 431 4076 illi
453 4023 575 4078 codices.
595 4053 632 4064 -
659 4023 777 4079 Messala
802 4042 841 4077 sc.
862 4025 921 4091 sit,
946 4023 1052 4092 inquit.
1083 4019 1181 4074 (11.εά

10 4061 210 4156 it.n.1.--
241 4097 351 4152 videor:
369 4097 401 4150 in
421 4095 464 4150 ed.
482 4113 527 4166 pr.
546 4097 659 4150 videtur.
678 4127 714 4139 --
744 4115 893 4170 persequar
915 4115 988 4150 nunc
1012 4097 1183 4149 exercitatio·
1257 4090 1261 4104 ’

10 4175 115 4224 terrum
136 4173 207 4227 edd.
232 4177 291 4224 vet.
313 4175 343 4222 et
360 4187 418 4224 rec.
438 4177 504 4223 ente
523 4169 601 4223 Brot.
622 4171 677 4223 nisi
695 4171 774 4241 quod
797 4188 943 4240 persequor
961 4169 1005 4222 ed.
1025 4185 1070 4236 pr.
1091 4175 1119 4220 et
1138 4165 1182 4218 Os.

10 4237 36 4291 11
49 4261 103 4319 cap.
124 4251 172 4304 39.
197 4264 231 4298 ιι.
255 4247 280 4297 1.
318 4247 524 4296 exercitationes
553 4242 629 4297 MSS.
655 4245 717 4296 Vnt.
745 4241 808 4298 edd.
832 4242 980 4296 Bressos.
1000 4239 1089 4292 Bekk.
1112 4239 1183 4290 Liin.

10 4311 56 4368 ·0=.
66 4320 110 4370 Or.
140 4322 246 4388 „Non
259 4323 301 4369 est
313 4311 441 4369 necesse:
460 4322 571 4368 namet
582 4315 747 4391 Singularis
760 4316 900 4385 seqnitur.
930 4311 1073 4368 Usitntior
1090 4319 1187 4363 temen

23 4383 150 4460 Plintis,
185 4389 295 4463 quiet
316 4389 346 4442 in
365 4387 423 4442 fine
443 4387 546 4458 capitis
567 4393 633 4442 est.'’
657 4391 726 4444 Ern.
745 4419 779 4430 -
810 4397 863 4450 tot¹
878 4387 1031 4440 reconditas
1053 4393 1101 4436 aut
1129 4391 1189 4435 tam
