2756 4792
182 227 245 294 358
487 225 711 294 ernaudus
732 229 790 293 DE
812 225 1098 293 ORATORIBUS.

184 396 235 457 31,
254 399 278 450 1.
297 423 334 437 -
350 410 386 450 oc
400 395 500 457 tituli,
518 395 629 450 indices
646 394 790 450 bonorum
808 409 967 463 rerumque
992 393 1024 446 in
1048 395 1151 466 quovis
1169 396 1322 484 magistratu
1362 429 1370 440 ·

184 473 306 535 surum,
325 468 460 540 inscripti
477 469 590 522 basibus
608 475 776 536 stabsarum,
795 467 938 538 sepulcris
956 473 985 520 et
1003 468 1148 538 epistyliis
1166 469 1282 522 cedmon.
1301 489 1323 522 ι.
1335 417 1373 524 le

185 539 253 593 tisci
280 541 349 596 hex.
368 541 460 612 antiq.
488 539 522 595 Τ.
541 541 597 595 111.
616 559 645 612 p.
664 543 727 598 6116.
764 557 799 593 ae
814 542 898 594 titali
914 539 1042 594 restituit
1061 539 1140 612 lips.
1160 557 1196 594 ex
1213 541 1266 595 111.
1283 543 1372 596 Fames

182 612 278 667 Attali
294 613 357 668 edd.
376 621 435 669 vet.
453 641 491 655 -
507 622 568 668 tam
584 611 690 668 hercule
707 631 809 686 pam,
840 620 873 664 ut
897 627 958 682 cap.
979 616 1024 670 21.
1052 629 1107 684 pru
1126 631 1208 685 aeque
1225 633 1270 680 ace
1288 615 1335 668 set
1349 643 1373 654 -

181 684 298 740 diuitiae
323 695 352 742 et
374 703 437 756 opes
461 688 625 764 iunguntur
646 687 736 740 etiarn
759 703 803 758 ap.
830 686 933 739 lustin.
958 689 992 752 1,
1012 689 1038 740 7.
1071 685 1151 739 Fler.
1171 689 1205 752 3,
1225 691 1265 744 11.
1291 696 1316 742 et
1330 707 1374 760 opes

181 766 301 828 praeter
330 759 444 812 divitias
472 759 608 814 denotant
632 773 748 830 queque
773 758 949 829 potentiam
979 757 1084 811 reluta
1127 757 1226 829 Synuu
1275 769 1374 813 atamen

181 839 257 884 amet
275 833 391 887 Noster.
411 849 439 885 s.
459 832 496 885 ad
513 847 575 903 cap.
586 834 622 888 b.
642 849 670 884 n.
689 837 715 887 1.
735 859 772 872 -
793 847 877 902 quom
899 833 949 900 qui
966 829 1107 901 fastidiat
1125 847 1160 886 ex
1179 831 1226 886 118
1248 874 1253 886 .
1273 833 1327 886 Vct.
1343 851 1374 886 re·

181 917 286 972 cepere
303 903 375 958 Em.
395 903 473 958 Brut.
494 905 531 958 al.
566 921 651 976 quam
665 902 809 973 fastidiat
826 901 890 958 edd.
908 909 966 956 ret.
987 911 1016 958 et
1033 903 1137 958 ileum.

653 1083 848 1140 CAPUT
886 1082 934 1136 lll,

261 1212 350 1278 Nam
370 1217 520 1280 carmina
541 1223 576 1278 et
595 1235 736 1294 versus,
768 1211 889 1296 qubus
910 1217 1014 1272 totam
1036 1213 1139 1275 vitem
1160 1211 1329 1276 Maternus
1346 1217 1374 1276 in

180 1317 312 1362 sumere
332 1310 447 1384 optat,
469 1296 563 1376 (inde
585 1301 674 1362 enim
695 1299 803 1364 omuis
824 1295 922 1358 fluxit
941 1292 1065 1374 oratio)
1088 1315 1195 1380 neque
1216 1295 1374 1384 dignitaten

180 1380 284 1444 ullam
303 1385 497 1448 auctoribus
518 1383 588 1446 suis
609 1383 797 1456 mncffisnt.
819 1398 927 1462 neque
946 1379 1105 1441 utilitates
1126 1383 1235 1457 dunt,
1256 1384 1374 1465 volupia

179 1473 248 1526 teau
268 1473 380 1528 autem
400 1469 553 1547 brevem,
574 1464 707 1530 leudem
727 1467 860 1525 inanem
880 1471 916 1526 et
935 1463 1178 1525 infmctuoeam
1199 1485 1374 1549 consequuu

179 1555 247 1610 tur.
290 1549 387 1613 licet
416 1553 498 1614 baec
523 1553 598 1636 ipsa
625 1557 659 1612 et
680 1567 766 1632 quae
786 1542 906 1610 deinde
927 1544 1079 1608 diuturne
1101 1567 1174 1609 sum
1197 1565 1294 1611 aures
1317 1559 1374 1610 tuae

180 1629 378 1697 oMaterne
432 1641 614 1720 respuant3
654 1635 710 1696 cui
732 1633 818 1694 bono
841 1637 912 1710 est,
946 1631 975 1692 si
1003 1629 1094 1714 apud
1121 1639 1156 1693 tc
1183 1631 1374 1720 Agamemno

180 1724 239 1778 aut
260 1715 356 1780 lason
378 1682 501 1782 diserte
522 1717 698 1802 loquitur?
739 1715 822 1797 Quis
850 1711 926 1775 ideo
956 1711 1092 1776 domum
1120 1712 1272 1778 defensus
1295 1725 1327 1777 et
1345 1715 1374 1776 til

180 1797 345 1888 obligatus
366 1799 479 1866 redit?
506 1801 590 1883 Quis
610 1798 757 1864 Saleium
779 1808 952 1870 nostrum,
983 1801 1153 1884 egregium
1174 1808 1324 1884 poetam,
1342 1801 1374 1882 sq

182 1883 298 1948 sihoc
319 1885 596 1950 honorificentius
617 1892 685 1964 eet,
726 1881 1029 1966 praeclarissimum
1057 1889 1166 1946 vatem
1197 1879 1333 1945 deducit
1350 1891 1374 1946 ai

180 1967 303 2030 salutat
321 1979 381 2032 aut
398 1969 639 2070 prosequitur?
678 1966 807 2048 Nempe
828 1968 857 2030 ei
878 1965 1003 2028 amicus
1024 1961 1114 2036 eius,
1137 1967 1166 2028 si
1189 1970 1374 2050 propinque

182 2051 210 2114 si
231 2049 375 2136 denique
395 2071 468 2136 apae
488 2055 524 2114 in
545 2049 680 2134 aliquod
701 2053 871 2138 neptium
893 2047 1066 2117 inciderit,
1103 2048 1146 2110 ad
1176 2051 1267 2112 hunc
1290 2049 1374 2113 Secu

182 2131 261 2196 dum
283 2145 438 2198 recurret
465 2143 524 2199 aut
544 2133 587 2196 ad
607 2143 661 2215 te,
695 2133 870 2213 Materne,
902 2151 969 2194 non
1002 2135 1081 2215 quia
1101 2143 1198 2218 poeta
1219 2155 1274 2215 ce,
1308 2153 1374 2216 neq

181 2223 221 2278 ut
240 2237 303 2301 pro
325 2238 364 2282 eu
384 2239 504 2284 versus
524 2221 635 2281 iacias.
688 2217 737 2278 Hi
759 2219 847 2281 enim
870 2217 970 2279 Basso
992 2215 1080 2278 domi
1102 2226 1309 2298 nascuntur,
1342 2231 1374 2301 pt

182 2299 257 2362 chri
279 2300 412 2386 quidem
434 2312 468 2368 et
487 2301 636 2376 iucundi,
658 2321 802 2386 querum
823 2309 932 2362 tamen
952 2299 1009 2362 hic
1026 2304 1134 2363 exitus
1154 2311 1214 2382 est,
1235 2311 1289 2382 ut,
1313 2315 1374 2384 qun

181 2392 251 2446 toto
273 2406 379 2466 anno,
401 2408 463 2471 per
483 2407 596 2450 omnes
618 2383 706 2466 dies,
736 2405 855 2470 magna
875 2385 1022 2446 noctium
1043 2393 1139 2467 parte
1160 2406 1267 2448 unum
1293 2387 1373 2448 libre

183 2467 318 2534 excudit
338 2479 372 2533 et
392 2471 617 2550 elucubravit,
639 2489 759 2555 rogare
779 2470 871 2532 ultro
892 2475 926 2530 et
946 2469 1074 2530 ambire
1094 2477 1252 2554 cogatur,
1280 2479 1324 2532 ut
1344 2471 1373 2532 si

184 2555 243 2636 qui
265 2551 445 2640 digummr
465 2553 602 2626 audire,
629 2562 665 2616 et
692 2572 736 2618 ne
757 2550 794 2614 id
814 2549 949 2634 quidem
969 2555 1093 2698 qratia:
1125 2573 1200 2614 nem
1223 2563 1259 2616 et
1282 2553 1373 2616 dumo

102 2703 106 2712 ,
183 2645 377 2718 mutilatur,
407 2647 441 2702 et
459 2637 666 2701 auditorium
687 2638 847 2718 exemit,
878 2643 912 2697 et
933 2657 972 2697 su
995 2637 1085 2698 sellia
1108 2635 1289 2715 conducit,
1330 2649 1365 2700 et

184 2720 284 2784 bellos
307 2720 484 2810 dispergit:
506 2731 540 2785 et
559 2732 599 2784 ut
617 2721 826 2784 beatissimus
841 2721 1071 2782 recitationem
1088 2721 1160 2782 eius
1180 2730 1331 2784 eventus
1348 2741 1373 2806 pl

184 2813 362 2888 sequatur,
401 2807 509 2868 omnis
530 2807 587 2868 illa
607 2805 700 2884 laus,
732 2807 822 2866 intra
843 2824 947 2867 unum
969 2811 1027 2866 aut
1047 2805 1189 2866 alterum
1212 2801 1311 2866 diem
1337 2823 1373 2870 vt

183 2887 221 2948 in
241 2887 346 2952 herba
365 2891 420 2954 vel
440 2891 524 2952 flore
544 2895 737 2974 praecepta,
765 2885 810 2956 ad
830 2889 954 2950 nullam
975 2895 1100 2949 certam
1123 2897 1156 2950 et
1177 2885 1331 2950 solidam
1356 2911 1373 2973 p

183 2973 279 3034 veuit
298 2975 448 3060 ungens,
485 2992 547 3036 neo
562 2981 627 3038 ‚aut
647 2973 827 3034 amicitiam
847 2969 926 3032 inde
947 2975 1053 3034 refert
1073 2980 1132 3034 aut
1152 2973 1357 3036 clientelam

183 3073 380 3117 mansurum
400 3057 436 3117 in
456 3057 567 3119 auimo
583 3057 779 3138 cuiusquam
795 3055 1004 3135 beneficium,
1026 3053 1084 3118 sed
1098 3059 1285 3119 clamorem
1306 3079 1373 3146 vag

184 3145 218 3199 et
238 3155 337 3200 voces
365 3140 480 3202 inanes
507 3147 542 3202 et
568 3137 726 3226 gandium
752 3138 900 3200 volucre.
952 3137 1179 3202 Laudavimus
1208 3160 1373 3223 nuper,

185 3222 305 3282 miram
332 3229 366 3285 et
394 3223 571 3304 exinoiam,
606 3221 805 3307 Vespasiani
833 3223 1080 3302 liberalitatem,
1116 3221 1205 3306 quod
1235 3228 1373 3313 quing<

185 3308 338 3368 sestertia
367 3305 468 3374 Basso
498 3303 660 3369 donasset.
711 3303 893 3367 Pulchrum
922 3303 959 3368 id
987 3305 1139 3390 quidem,
1175 3305 1373 3396 indulgent

185 3387 351 3474 Principis
372 3391 507 3478 ingenio
528 3391 668 3454 mereri:
704 3399 827 3473 quanto
855 3399 965 3453 tamen
994 3389 1187 3474 pulchrius,
1226 3391 1259 3454 si
1299 3397 1361 3455 ita

185 3474 360 3536 familiaris
391 3477 521 3576 exigat,
560 3495 596 3538 se
625 3475 736 3557 ipsum
763 3473 889 3546 colere,
928 3495 1026 3536 snum
1056 3477 1191 3560 genium
1217 3471 1373 3560 propiti

186 3576 282 3620 suam
314 3561 463 3642 experire
490 3560 734 3622 liberalitatem!
770 3555 903 3630 Adiice,
932 3555 1022 3641 quod
1043 3561 1167 3641 poetis,
1195 3559 1224 3619 si
1249 3553 1373 3642 modq

186 3659 289 3724 gnum
310 3642 437 3726 aliquid
458 3644 629 3706 elaborare
650 3650 684 3704 et
704 3643 838 3703 efficere
858 3644 980 3712 velint,
1001 3639 1218 3724 relinquenda
1241 3649 1373 3730 conve

186 3725 235 3785 tio
258 3727 441 3788 amicornm
464 3735 497 3790 et
516 3723 704 3789 iucunditas
726 3725 838 3803 urbis,
879 3723 1059 3789 deserenda
1080 3735 1189 3788 cetera
1209 3727 1373 3801 officiat

187 3822 252 3888 que
273 3809 339 3892 ipsi
360 3807 496 3891 dicunt,
532 3812 568 3872 in
590 3828 725 3873 nemora
747 3815 779 3870 et
800 3809 906 3882 lucos,
948 3807 983 3870 id
1004 3817 1054 3872 eet
1074 3809 1109 3870 in
1130 3807 1372 3876 solitudinem

187 3887 370 3956 cedendum
391 3901 451 3958 est.

261 4033 286 4084 1.
325 4031 463 4086 utilitates
481 4031 578 4091 alunt,
603 4025 754 4082 commoda
778 4031 825 4092 (ut
850 4045 895 4100 ap.
923 4029 983 4083 cie.
1004 4029 1040 4082 ad
1057 4030 1115 4082 Ata
1136 4031 1169 4095 7,
1187 4030 1213 4084 5.
1235 4028 1284 4082 ad
1315 4034 1372 4088 dia

188 4103 215 4156 5.
235 4099 357 4168 Quintil.
372 4107 399 4172 e,
414 4107 456 4172 5.)
474 4104 602 4176 pariunt,
622 4109 744 4178 ongean
767 4101 871 4156 &tola
885 4109 915 4156 et
926 4103 1011 4158 ονιιι.
1049 4105 1186 4156 nattam
1203 4099 1353 4160 aiassae

189 4173 237 4227 bat
256 4173 393 4230 Gutrnan.
414 4185 444 4232 et
461 4179 586 4231 utilitate
603 4191 632 4228 se
651 4179 733 4230 alunt
750 4173 847 4228 Barth.
868 4173 987 4228 Advers.
1008 4178 1123 4246 putas.
1144 4175 1197 4246 qui
1214 4171 1317 4231 haec
1349 4181 1372 4234 it

189 4247 288 4318 ponit:
312 4251 428 4304 auctori
446 4257 558 4304 tantum
574 4249 700 4321 praemii
719 4255 748 4301 et
766 4247 910 4302 mercedis
930 4251 1081 4316 referunt,
1101 4257 1133 4301 ut
1151 4255 1308 4318 sumptus
1341 4255 1372 4310 it

189 4333 234 4374 sos
254 4331 415 4392 exaequent
433 4330 462 4378 et
480 4323 572 4378 vitam
593 4321 661 4376 inde
680 4321 806 4376 tolerare
826 4327 926 4391 queat,
954 4321 1054 4376 (term.
1074 4321 1132 4376 sich
1148 4327 1372 4384 venator-2331*

261 4393 288 4451 2.
326 4395 405 4451 Licet
422 4396 487 4450 istaec
505 4400 569 4469 ipsa
587 4413 668 4451 eures
685 4403 751 4450 tuae
769 4403 915 4466 respuant,
935 4398 980 4464 (tu
1001 4411 1032 4449 ea
1051 4393 1150 4450 audire
1170 4395 1252 4449 nolis
1271 4435 1286 4464 ,
1323 4415 1372 4458 η
