2792 4792
532 186 709 250 LIBELLI
733 185 791 248 DE
813 183 1050 248 GERMANIA

610 349 805 406 CAPUT
841 349 963 404 xxxix

257 463 511 526 Vetustissimos
541 484 576 528 se
597 463 885 545 nobilissimosque
906 457 1105 524 Suevorum.
1137 457 1312 526 Semnones
1331 484 1378 524 me

177 556 319 610 morant.
361 545 455 610 Fides
476 548 684 630 antiquitatis
706 545 1045 632 religionefirmatur.
1084 542 1178 608 Stato
1199 548 1378 629 temporeis

178 632 306 710 silvam,
327 633 478 716 auguriis
497 639 632 714 patrum
653 637 686 692 et
706 631 818 712 prisce
831 626 1010 690 formidine
1030 648 1170 710 sacram,
1190 649 1301 692 omnes
1316 633 1378 692 eius

179 712 253 776 dem
279 717 449 800 sanguinis
479 715 596 798 populi
623 713 841 799 legationibus
863 719 995 788 ooennt,
1016 731 1178 796 caesoque
1198 715 1324 796 publice
1341 714 1378 772 bo

179 799 268 859 mine
297 799 465 860 celebrant
488 797 622 859 barbari
650 800 738 858 ritus
769 793 938 858 horrenda
967 794 1163 879 primordie.
1210 795 1268 858 Est
1288 807 1319 858 et
1337 798 1378 856 ab

177 881 252 942 luco
274 884 472 944 reverentie.
515 879 622 943 Nemo
644 881 710 942 nisi
730 881 865 944 vinculo
887 879 1006 966 ligatus
1027 878 1225 966 ingreditur,
1247 882 1378 942 utminol

180 972 213 1026 et
239 972 434 1047 potestatem
465 967 612 1026 numinis
668 983 725 1026 rae
755 983 790 1026 se
811 965 934 1026 ferens.
976 959 1013 1023 Si
1042 966 1129 1025 forte
1150 963 1320 1048 prolapsus
1341 971 1378 1024 est

179 1048 285 1108 attolli
312 1055 345 1112 et
375 1049 550 1136 insurgere
572 985 665 1111 haud
683 1049 827 1110 licitum:
859 1067 920 1130 per
941 1047 1080 1108 humum
1103 1047 1320 1124 evolvuntur;
1347 1065 1378 1106 eo

180 1151 245 1212 que
278 1131 385 1194 omnis
416 1134 611 1215 superstitio
632 1133 786 1214 respicit,
813 1139 971 1213 tanquam
992 1127 1070 1194 inde
1089 1131 1186 1192 inilia
1206 1135 1327 1217 gentis,
1352 1129 1379 1190 ib

179 1222 338 1300 regnator
366 1218 515 1277 omnium
537 1214 638 1293 deus,
661 1224 771 1276 cetera
792 1215 941 1278 subiecta
960 1223 1061 1297 atque
1082 1217 1242 1297 percutis.
1286 1213 1379 1276 Adiici

180 1300 412 1360 auctoritatem
438 1303 574 1360 fortuna
594 1295 808 1360 Semnonum.
852 1296 993 1360 Centum
1013 1301 1107 1384 pagis
1141 1297 1309 1358 habitetur
1337 1315 1379 1356 me

180 1399 313 1474 guoque
333 1401 476 1464 corpore
496 1383 643 1444 eflicitur
653 1425 663 1456 ,
687 1391 726 1444 ut
746 1401 781 1444 ee
801 1379 993 1446 Suevorum
1015 1389 1114 1464 ceput
1135 1379 1282 1442 credent.

252 1519 277 1570 1.
317 1514 525 1572 Vetustissimos
542 1535 571 1571 ss
589 1517 829 1584 nobilissimosque
849 1515 996 1568 Succorum
1014 1523 1170 1568 memorent
1189 1517 1347 1576 Sounoua,
1370 1535 1379 1568 r

180 1589 231 1642 soto
248 1584 362 1660 Σοήβωο
379 1593 449 1660 μέγα
466 1593 565 1654 ἔθνος,
589 1591 725 1660 leprosas
751 1586 841 1641 Strsb.
868 1591 901 1655 7,
932 1593 968 1656 1,
994 1593 1020 1644 3.
1045 1604 1073 1658 p.
1092 1590 1156 1645 200.
1176 1592 1206 1644 sd
1225 1591 1277 1644 tois
1295 1585 1379 1656 zelos

181 1661 231 1714 scis
249 1659 396 1731 Σεμοόνοο,
415 1667 509 1727 οἵτινες
527 1657 652 1728 διήκουσι
678 1660 744 1718 useel
761 1659 807 1715 edu
823 1659 915 1730 Ἄλβον
932 1660 986 1716 u’rrd
1005 1661 1054 1716 τοῦ
1072 1664 1210 1734 εἰρημένον
1226 1665 1379 1738 prepotens<

181 1733 326 1798 ἀνατολὰς,
344 1738 423 1808 μέχρι
441 1737 488 1790 τοῢ
506 1733 616 1806 luridos
634 1733 755 1804 ποταμοῦ
774 1733 838 1802 (qui
857 1732 980 1787 Visdrus
998 1752 1019 1786 s.
1040 1732 1133 1788 Odere
1152 1743 1209 1799 est,
1229 1743 1263 1787 ut
1282 1733 1380 1796 Odiodol

180 1805 304 1874 Visdus,
321 1806 389 1861 bod
409 1805 551 1878 Wipper,
570 1823 648 1870 non,
676 1823 748 1874 quae
768 1813 810 1858 est
828 1807 974 1860 sententis
991 1807 1135 1860 blannerti
1154 1815 1183 1861 et
1200 1806 1380 1876 wilhelmi]

178 1879 222 1932 78.
242 1881 286 1934 70.
312 1879 407 1933 Varus
427 1880 545 1948 eiusque
564 1879 669 1932 ostium
687 1893 780 1948 prope
799 1875 999 1945 llostoohium,
1022 1878 1058 1931 de
1077 1895 1134 1947 quo
1153 1897 1182 1934 v.
1201 1878 1380 1947 Reichard.1

178 1950 343 2010 195-200.)
363 1951 433 2002 l’tol.
445 1952 528 2014 2,11.
549 1949 628 2002 iutra
636 1947 737 2002 Albim
757 1956 787 2002 et
799 1949 952 2014 viadrum,
971 1950 1021 2000 ubi
1040 1965 1117 2001 nunc
1135 1952 1380 2024 terraelllegalops

179 2021 284 2074 litsnae
303 2029 333 2075 et
350 2020 652 2096 Brmdenburgenses,
671 2037 725 2074 neo
744 2036 804 2074 non
822 2019 1049 2090 parsSsxouiae,
1068 2021 1236 2087 Bobemise,
1255 2021 1380 2075 blarcbio

178 2092 321 2160 Lusatiae,
340 2091 470 2159 silesiae,
483 2095 630 2159 Polonise,
645 2093 790 2162 inquibus
802 2093 917 2155 semiss,
927 2095 1084 2165 Sanmites,
1094 2095 1201 2155 Souris,
1211 2097 1327 2167 Senkr‘g,
1339 2095 1380 2145 Ser

178 2173 234 2225 ten,
254 2165 373 2218 Samene
390 2166 462 2218 silva
481 2167 606 2224 nominis
626 2165 770 2241 originem
790 2183 906 2220 servare
921 2167 1071 2220 videntur.
1090 2183 1117 2220 v.
1132 2165 1289 2221 Reicbard.
1301 2169 1380 2238 poll·

177 2241 221 2293 61.
242 2235 379 2290 Romanis
397 2238 529 2308 primum
548 2239 703 2292 innotuere
722 2237 754 2290 in
777 2239 1010 2308 expeditionibus
1030 2238 1141 2292 Tiberii
1160 2240 1277 2306 (Vellei.
1292 2245 1324 2306 2,
1349 2245 1380 2293 lo

179 2311 256 2377 107.)
276 2317 304 2363 et
322 2310 409 2364 bellis
427 2309 564 2364 adversus
582 2310 752 2363 Arminium
772 2311 875 2384 gestis,
901 2311 938 2364 sd
962 2329 1049 2382 quern
1070 2311 1288 2366 Cheruscorum
1308 2313 1380 2364 duce

177 2401 233 2436 uns
253 2399 319 2436 curn
338 2381 534 2506 Lanq'obsrdis
554 2401 604 2438 er
645 2400 681 2436 no
709 2383 878 2438 Marobodui
898 2384 1083 2450 deiecerant,
1114 2385 1194 2450 (Tac.
1215 2385 1292 2440 Ann.
1313 2389 1381 2450 Μ

177 2459 221 2512 46.
242 2454 334 2510 Strab.
355 2463 384 2510 et
428 2455 476 2509 ell.
498 2455 530 2510 ll.
552 2457 600 2520 ll.)
641 2455 725 2510 einde
743 2457 923 2526 temporibus
942 2455 1126 2525 Domitiani,
1160 2457 1267 2526 quibus
1288 2461 1381 2526 bissyu

177 2545 230 2582 rex
257 2543 376 2594 eorum,
403 2529 695 2614 etssmnssstidica
711 2527 839 2614 ‘Romam
858 2537 1018 2597 venerunt,
1048 2529 1119 2596 (Dio
1138 2533 1190 2596 67,
1220 2531 1262 2598 5.)
1293 2521 1381 2584 tande

177 2599 1286 2748 littttlttttillitulllils..illstttlll‘llt{litt
1300 2611 1381 2730 3⁰:53.

177 2763 261 2812 rum,
282 2761 454 2812 commune,
474 2745 498 2798 si
516 2761 574 2799 non
594 2747 747 2811 omnibus,
777 2754 857 2800 certe
877 2748 976 2800 multis
994 2749 1083 2801 fuisse
1103 2747 1269 2802 Gennanis.
1311 2749 1366 2804 Sed

177 2819 253 2872 Duk.
273 2817 310 2871 ad
328 2819 408 2870 Flos.
428 2821 456 2884 1,
476 2821 566 2884 121.
587 2819 699 2889 Spener
716 2818 750 2871 Τ.
770 2820 791 2871 1.
813 2835 841 2887 p.
861 2823 906 2876 90.
927 2819 1071 2894 Adelung.
1091 2836 1123 2889 p.
1135 2823 1295 2878 215-217.
1317 2822 1381 2874 liert

176 2889 208 2960 §-
229 2893 291 2946 501.
326 2887 485 2945 Wilbelm.
505 2905 534 2959 p.
554 2893 608 2946 236
623 2894 733 2948 -214.
769 2892 834 2944 Lon
857 2890 895 2944 ol.
921 2891 957 2944 sd
981 2891 1011 2945 b.
1034 2891 1054 2944 l.
1083 2900 1113 2947 et
1137 2893 1173 2948 ds
1193 2894 1381 2948 Hennundur

178 2963 243 3016 diss.
263 2967 308 3020 21.
329 2970 357 3015 et
374 2965 419 3018 26.
459 2961 666 3016 Vetustissimos
685 2970 786 3015 contra
804 2909 959 3038 vulgarem
977 2965 1113 3020 vocabuli
1132 2985 1216 3020 usurn
1236 2983 1310 3020 cum
1331 2969 1381 3020 lau

178 3036 311 3098 dictum
332 3033 437 3088 Giintlr.
478 3033 583 3088 Vetust.
603 3053 649 3088 ssu
672 3036 863 3090 nobilissimos
890 3036 946 3090 MS.
973 3038 1091 3090 llumm.
1131 3040 1259 3094 semones
1286 3041 1359 3093 Nor.

178 3107 283 3162 deinde
304 3108 450 3160 &monum
468 3107 539 3164 Ner.
559 3115 588 3160 et
608 3109 670 3160 Par.
710 3109 828 3161 Senones
847 3111 909 3162 Put.
930 3111 1004 3163 Mon.
1025 3111 1107 3164 Vien.
1130 3112 1297 3181 (inquibus
1319 3121 1381 3164 mne

199 3181 265 3233 aulo
283 3187 350 3250 post
373 3181 533 3232 &renonum
556 3179 681 3268 legitur)
702 3189 731 3234 et
749 3181 824 3235 Vell.
845 3185 872 3244 2,
895 3185 956 3237 106.
977 3183 1056 3252 quod
1073 3185 1162 3237 multi
1181 3185 1330 3255 probant,
1350 3201 1381 3252 qu

178 3197 339 3339 Senonibus
358 3251 458 3306 Gallis
484 3260 602 3326 cog-nats
620 3253 749 3319 fuerint,
782 3262 831 3306 aut
853 3254 894 3306 ita
921 3253 1029 3308 dictis
1050 3257 1178 3310 Semnus.
1201 3259 1292 3319 Sena,
1323 3257 1381 3326 copi

179 3339 329 3378 concione.

248 3401 276 3455 2.
313 3397 395 3450 Fides
413 3400 596 3469 antiquitatis
614 3401 753 3470 religiosas
766 3399 921 3468 firmatur,
946 3407 979 3451 nt
998 3401 1168 3467 eradamus,
1197 3387 1325 3480 {entem
1345 3419 1381 3454 an

179 3487 267 3540 quam
286 3487 359 3535 esse,
380 3471 468 3524 etism
487 3471 643 3546 religionis
663 3473 740 3525 ratio
759 3469 875 3535 suadet,
893 3471 963 3526 Erus.

249 3547 277 3600 3.
316 3545 398 3596 State
415 3551 538 3612 tempore
555 3550 585 3597 in
603 3547 704 3599 siloam
721 3561 903 3605 -sacrum,
928 3547 966 3598 ot.
986 3545 1023 3599 ad
1041 3561 1066 3598 e.
1085 3549 1111 3604 9.
1134 3564 1163 3601 n.
1183 3552 1209 3604 7.
1230 3556 1262 3601 et
1284 3550 1381 3605 Gebso

178 3631 207 3684 p·
226 3617 327 3684 seosq.
366 3615 449 3668 liano
479 3615 657 3670 Semnonum
681 3619 783 3671 siloam
808 3635 918 3670 amram
937 3617 1062 3672 Rudbec.
1083 3618 1194 3673 Atlant.
1214 3637 1238 3673 c.
1260 3623 1311 3676 21.
1332 3623 1381 3674 fui

179 3693 263 3756 putat
281 3687 361 3740 iuxta
380 3688 547 3758 Upsslism,
567 3689 617 3743 sed
634 3687 792 3744 Wilbebn.
816 3705 845 3759 p.
868 3693 911 3746 56.
940 3690 973 3742 in
997 3691 1137 3745 interiori
1156 3693 1324 3749 Genusuia
1344 3706 1381 3748 trs

75 3787 79 3798 ·
178 3749 279 3810 Albim
304 3765 334 3812 et
355 3759 472 3827 quidem
497 3761 644 3814 indensis
669 3761 806 3828 saltibus,
834 3761 1015 3816 &enswalde
1040 3772 1070 3818 et
1086 3764 1313 3830 rememoras,
1343 3770 1381 3820 im

179 3829 328 3884 Elsterum
349 3838 379 3884 et
397 3831 517 3902 Sps-eam
536 3833 651 3887 duvios.
690 3833 732 3887 Gi.
752 3833 891 3889 Leutsoh.
909 3853 939 3907 p.
958 3839 1012 3894 363
1022 3855 1064 3907 sq.
1085 3843 1114 3890 et
1133 3837 1295 3894 lleiobsrd
1318 3859 1351 3912 p.
1370 3843 1381 3896 l

179 3919 220 3972 sq.
241 3905 404 3960 sot-233.
442 3905 497 3957 ldie
516 3905 598 3972 dicit,
617 3906 723 3959 multas
742 3905 885 3961 eiusmodi
905 3909 995 3963 silvas
1014 3910 1047 3962 in
1067 3911 1156 3964 terris
1175 3919 1326 3982 septentr.
1352 3915 1379 3967 G

178 3975 292 4030 manias
320 3991 379 4028 esse
406 3983 437 4030 et
458 3979 558 4031 siloem
580 3977 610 4032 b.
630 3979 650 4030 l.
676 3979 797 4033 fortasse
815 3980 962 4034 diversam
991 3999 1008 4034 s
1035 3985 1111 4043 luco,
1139 3982 1220 4038 bunc
1247 4003 1331 4040 vero
1357 3985 1381 4036 bl

178 4047 370 4108 Hammeum,
394 4063 454 4101 non
480 4049 568 4126 longe
595 4069 611 4103 a
639 4049 778 4105 Berolino
805 4051 841 4106 erl
864 4052 1089 4130 Stolzenbogsm
1109 4064 1139 4110 et
1157 4057 1238 4110 lacos
1257 4058 1381 4114 Wands

179 4121 261 4174 tsios.
302 4121 384 4174 stato
409 4121 478 4174 Nor.
503 4123 566 4176 Por.
593 4120 684 4177 Rheu.
710 4127 737 4181 2
756 4127 782 4180 3.
802 4132 832 4178 et
858 4125 995 4197 deinceps
1014 4144 1121 4182 omnes.
1160 4128 1280 4184 statuto
1302 4151 1331 4186 c.
1355 4133 1381 4185 T

180 4193 223 4245 ed.
242 4209 288 4262 pr.
309 4194 372 4246 Put.
393 4194 481 4269 Pogg.
501 4197 577 4250 blon.
599 4196 682 4250 Vien.
720 4196 764 4250 Gi.
785 4197 821 4250 sd
838 4197 912 4251 Ann.
932 4201 985 4265 12,
1006 4205 1058 4266 13,
1077 4203 1104 4257 2.

206 4335 212 4348 .
250 4269 276 4320 lt.
314 4269 445 4338 auguriis
459 4276 579 4338 potrum
597 4277 624 4320 et
640 4273 737 4340 prisco
748 4268 908 4337 formidine
926 4291 1055 4332 surram,
1082 4272 1275 4340 hexameter,
1299 4293 1381 4345 quen

178 4335 259 4410 virg.
280 4337 351 4392 Aen.
370 4339 444 4404 vn,
465 4345 526 4398 172.
552 4345 614 4398 608.
641 4341 759 4396 ductum
787 4341 1027 4415 adscriptumque
1048 4347 1078 4398 in
1097 4347 1232 4418 energiae
1251 4347 1291 4400 in
1313 4358 1381 4404 text
