2770 4792
455 184 595 252 CAPUT
616 185 725 252 XXV.
1145 203 1205 266 277

50 351 117 405 tort
144 351 178 406 Oi.
199 350 229 405 ad
253 351 326 405 Ann.
348 355 399 415 12,
419 356 462 407 ⁴5.
495 363 525 407 et
551 353 759 418 tt.t,ot,1.
797 353 895 426 differt
919 366 948 412 et
969 357 1112 428 differunt.
1147 369 1203 418 eius

47 425 139 492 tumbe)
159 425 237 478 aditae
260 426 336 478 coni.
361 423 452 478 Bben.
479 432 508 478 et
532 425 632 478 Danas.
671 423 820 494 differunt,
853 440 880 483 et
898 435 957 486 eiua
975 433 1069 487 aditos
1088 435 1203 506 scripsit

47 497 97 550 Seel.
111 527 138 540 -
153 501 262 568 cogniti:
280 499 420 551 interiora
438 515 509 552 vero
529 498 642 550 insulae
661 501 723 552 fere
742 501 860 576 ignota3
877 504 954 556 Brut.

89 575 109 626 3·
137 577 163 624 in
177 575 331 626 messionem
350 573 497 632 retinebat,
516 571 592 622 sicut
610 578 693 624 antea
713 571 849 628 Claudius
869 575 1014 630 invaserat
1024 577 1203 634 Britanniam

45 641 123 694 obtenu
137 643 219 696 Berici
237 644 340 696 exsulis
359 643 549 722 restituendi,
571 641 646 695 Vir-d.
684 643 740 696 Sed
758 649 795 700 cf.
816 655 883 700 nota
900 652 927 703 ll.

89 719 106 766 l.
136 717 206 784 Saepe
221 734 250 768 ee
267 733 296 767 eo
314 716 426 769 audivi.-
456 731 526 790 ergo
551 734 645 784 saepe,
678 733 732 769 nec
750 727 850 787 postea
869 721 989 786 Romae,
1024 722 1074 776 sed
1091 730 1153 776 tum
1173 725 1205 776 in

45 783 163 852 liureio,-
191 805 252 840 nam
270 805 338 841 mox
357 788 468 840 dicitur
483 805 579 858 passe,
609 805 669 841 non
684 793 829 857 potuisse,
859 803 888 846 et
907 794 1047 868 Agricola
1066 797 1204 870 regulum

45 854 91 909 bunc
103 864 216 914 retinebat
231 867 315 930 specie
333 864 480 914 amicitiae
497 867 528 914 in
547 868 713 914 occasionem.
739 861 899 918 Hiberniae
923 883 999 936 expo
1058 868 1146 934 ndae,
1181 871 1205 922 si

45 929 81 980 tius
94 933 197 984 comitis
213 933 397 1002 partibusque
415 931 613 986 adiuvaretur.
660 934 737 986 ilinc
763 938 950 1006 potissimum
970 883 1089 1014 codiligit
1107 942 1205 995 Passu-

44 1001 266 1060 riosinWachleri
286 1003 460 1058 Philomatb.
487 1005 520 1058 T.
542 1007 564 1056 Ι.
584 1023 613 1076 Ρ.
633 1006 761 1061 55-57.
800 1010 936 1063 Tacitum
964 1017 1035 1063 tunc
1063 1015 1206 1083 ternporis

46 1071 188 1129 inbritaunia
203 1078 297 1130 luisse.
340 1077 420 1143 „Sed
439 1095 473 1130 ex
493 1097 522 1130 eo
542 1078 573 1128 id
592 1095 651 1131 non
670 1079 816 1145 efficitur,
848 1081 916 1151 quia
936 1083 1087 1150 praecedit
1105 1089 1207 1139 retine-

43 1146 80 1204 iti,
103 1155 124 1201 et
146 1150 181 1202 ita
204 1149 399 1224 ambiguitatis
422 1150 557 1202 vitandae
581 1167 666 1202 causa
692 1151 848 1206 dicendum
874 1161 935 1206 erat
960 1174 991 1207 eo
1017 1159 1076 1210 illo.
1114 1157 1206 1211 Verba

43 1229 114 1282 quque
128 1233 194 1284 seqq.
231 1220 384 1288 Agricolae
412 1218 509 1288 potius
535 1223 564 1268 et
589 1217 735 1281 Romano,
762 1233 850 1286 quiam
877 1225 980 1288 regulo
1008 1215 1117 1271 Hibero
1137 1234 1206 1270 con-

43 1285 241 1354 gruunt.'’ll'a1cb.
278 1287 384 1338 audiuit
404 1289 511 1342 rectius
530 1287 683 1340 videbatur
707 1287 822 1356 Bipont.
849 1296 878 1342 et
903 1286 1016 1341 Peerlk.
1037 1315 1073 1328 -·-
1105 1291 1133 1342 si
1155 1291 1207 1342 Bo-

41 1372 91 1407 iomo
103 1359 181 1427 otique
197 1375 289 1420 orma,
309 1357 334 1410 ei
352 1355 496 1411 exercitus
514 1361 595 1408 Rom.
617 1354 723 1424 ubique
743 1366 846 1412 essent.

428 1533 624 1591 CAPUT
661 1533 744 1587 XXV.

88 1661 215 1726 Ceterum
237 1675 379 1745 aestate,
414 1685 480 1748 qua
502 1672 632 1726 sextum
653 1665 758 1726 officii
779 1683 902 1726 annum
924 1667 1116 1746 inchoabat,
1139 1689 1206 1730 ani-

39 1745 261 1822 clauditates
283 1761 376 1812 trans
397 1747 590 1810 Bodotriam
611 1749 710 1828 sitas,
742 1751 821 1832 quia
842 1757 951 1812 motus
973 1754 1208 1814 universarum

38 1828 92 1888 ultra
105 1831 235 1915 gentium
257 1843 291 1896 et
310 1836 430 1894 intesta
451 1832 563 1893 hostili
585 1833 734 1893 exercitu
757 1834 878 1892 itinera
894 1835 1108 1914 timebantur,
1130 1855 1209 1918 por-

37 1915 67 1968 tus
81 1913 158 1977 classe
177 1919 371 1999 exploravit.
427 1915 537 1996 Quae,
569 1915 610 1975 ab
632 1913 788 1999 Agricola
812 1918 961 1998 primum
982 1927 1152 2000 assumpta
1172 1922 1207 1980 in

38 2002 119 2070 partem
134 2001 270 2079 virium,
310 2000 511 2081 sequebatur
541 1999 674 2084 egregia
695 2001 824 2081 specie,
860 2019 963 2080 quum
985 2003 1082 2063 simul
1104 2011 1206 2080 terra,

37 2075 94 2138 sinui
111 2085 182 2143 nari
202 2083 325 2146 bellum
347 2083 594 2165 impelleretur,
630 2099 669 2141 ao
699 2101 797 2165 saepe
823 2081 941 2144 iisdem
970 2086 1087 2145 castris
1108 2083 1211 2167 pedes

36 2177 146 2244 uosque
165 2174 195 2227 et
214 2169 369 2229 nauticus
391 2167 503 2244 miles,
526 2165 622 2225 mixti
643 2165 746 2247 copiis
769 2173 802 2226 et
824 2167 964 2245 laetitia,
987 2187 1046 2228 sua
1067 2171 1208 2250 quisque

37 2242 91 2321 litio,
108 2269 173 2310 suos
193 2271 290 2312 casus
312 2249 517 2328 attollerent,
540 2267 579 2308 ac
600 2246 698 2310 modo
720 2251 880 2311 silvarum
903 2257 935 2312 et
950 2253 1114 2312 montium
1130 2271 1208 2334 pro-

34 2325 109 2407 buda,
126 2333 213 2395 modo
236 2341 471 2416 tempestatum
493 2352 531 2392 ac
552 2333 716 2393 fluctuum
744 2330 903 2411 adversa,
948 2333 1026 2394 hinc
1055 2345 1147 2396 terra
1175 2343 1208 2396 et

35 2403 110 2490 bootis,
136 2415 207 2478 hinc
236 2425 356 2479 auctus
387 2415 537 2478 Oceanus
567 2417 706 2476 militari
733 2417 890 2476 iactantia
921 2425 1204 2498 compararentur.

34 2485 156 2558 flu'tonnos
175 2521 327 2583 guoque,
364 2509 404 2561 ut
431 2519 472 2560 ex
501 2501 641 2580 captivis
670 2495 889 2577 audiebatur,
923 2501 995 2560 visa
1016 2501 1127 2560 classis
1148 2501 1207 2562 ob-

29 2581 230 2661 lilitfttitbat,
261 2592 442 2666 tanquam,
470 2590 585 2664 aperto
607 2585 710 2642 maris
731 2583 783 2642 sui
806 2589 950 2662 secreto,
982 2583 1133 2644 ultimum
1154 2586 1207 2644 vi-
1301 2651 1305 2660 Ι

32 2657 66 2717 slis
81 2667 247 2752 perfugium
270 2665 494 2728 clauderetur.
529 2663 589 2726 'Ad
617 2685 734 2726 manus
762 2673 795 2725 et
824 2683 917 2725 arma
938 2666 1091 2728 conversi
1113 2662 1206 2727 Cele-

29 2735 116 2805 louian
137 2749 313 2813 incolentes
338 2743 472 2833 'populi
509 2758 629 2830 paratu
660 2767 798 2833 magno,
835 2749 962 2809 maiore
991 2751 1096 2826 sama,
1138 2743 1205 2822 (uti

29 2841 69 2884 uos
84 2839 121 2890 est
140 2831 176 2895 de
195 2830 336 2920 ignotis)
364 2854 383 2894 o
408 2845 573 2918 pugnasse
600 2830 711 2912 ultro,
745 2832 876 2912 castella
905 2829 1037 2910 adorti,
1078 2841 1204 2893 mettum

29 2913 258 2990 ttprovocantes
296 2854 510 2978 addiderant:
550 2913 872 3001 regrediendumque
901 2917 986 2976 citra
1011 2913 1205 2978 Bodotriam

29 2991 256 3076 incedendum
291 3003 422 3082 potius,
464 3009 564 3082 quam
591 3001 813 3079 pellerentur,
850 3001 960 3082 specie
987 2995 1204 3080 prudentium

29 3069 98 3162 ,lptari
119 3081 352 3162 admonebant,
386 3103 490 3165 quum
521 3085 658 3142 interim
687 3085 870 3167 cognoscit,
909 3083 1018 3144 hostes
1050 3082 1204 3164 pluribus

29 3162 160 3238 ,tenuibus
179 3171 397 3250 irrupturos3
420 3185 474 3246 ac,
495 3186 538 3226 ne
560 3175 738 3247 superante
759 3185 898 3227 numero
921 3173 954 3227 et
973 3167 1096 3247 peritia
1117 3165 1205 3226 loco-

29 3249 315 3330 ttmcircumiretur,
338 3248 445 3312 diviso
468 3251 595 3332 etipse
616 3251 652 3309 in
673 3257 741 3310 tres
762 3257 874 3331 partes
889 3250 1038 3310 exercitu
1056 3250 1201 3310 incessit.

29 3343 31 3446 t
70 3382 87 3430 l·
115 3391 213 3439 resim
232 3381 328 3454 officii
344 3403 451 3438 annum
477 3386 512 3438 U.
533 3401 559 3436 c·
579 3387 641 3440 836.
662 3399 690 3452 p-
712 3380 781 3436 Chr·
801 3400 829 3433 n.
850 3385 914 3447 83·‚
932 3383 1009 3436 Brut*
1027 3411 1064 3422 -
1100 3383 1204 3450 ample·

29 3457 165 3510 nto'tu'tateo
177 3467 258 3513 tram
272 3459 436 3512 Bodotriam
454 3463 532 3518 sitas,
551 3456 626 3521 Fiie,
647 3453 744 3521 l’ertb,
764 3452 928 3516 Strathem,
947 3453 1056 3531 Augus,
1076 3456 1199 3512 Mearns,

29 3491 84 3636 em,
109 3529 271 3597 Aberdeen,
308 3539 405 3600 portos
429 3531 583 3599 exploravit
601 3531 701 3586 classe,
734 3543 807 3595 quae
826 3544 862 3580 ex
879 3526 1033 3591 Bodotria,
1068 3525 1154 3578 Frith
1173 3527 1205 3579 oi

40 3592 92 3670 trib,
106 3603 186 3668 exiit3
213 3605 295 3657 Brot.
315 3611 344 3657 et
363 3603 473 3656 Gordon
495 3602 595 3656 itiner.
615 3619 645 3671 p.
663 3603 699 3656 35
715 3616 757 3668 sq.
796 3598 936 3673 Agricola
961 3600 1058 3653 animo
1079 3599 1202 3673 agitasse

29 3661 113 3746 mitur,
144 3683 174 3726 ut
199 3677 349 3730 exercitus
374 3683 455 3729 terra
479 3691 533 3727 nec
561 3675 618 3742 lou¹
635 3691 649 3726 e
669 3692 685 3725 a
703 3673 777 3724 mari
795 3671 969 3740 procederet
989 3680 1018 3726 et
1036 3671 1133 3725 classis
1153 3671 1202 3724 vel

29 3705 95 3810 2226
110 3756 261 3817 exponeret
281 3749 330 3801 vel
350 3748 467 3822 refugio
486 3754 576 3810 esset3
642 3745 711 3798 aleb.
748 3747 890 3814 amplexus
908 3749 1033 3799 civitates
1050 3774 1086 3784 -
1100 3753 1203 3814 portos

87 3823 222 3886 exploravit
253 3838 281 3874 c.
302 3821 364 3872 Vat.
384 3824 465 3876 3429.
486 3817 550 3873 edd.
571 3817 651 3870 Brot.
671 3819 734 3886 Bip.
755 3815 804 3940 011³).
825 3824 854 3870 et
865 3817 919 3940 gb
949 3817 992 3872 cf.
1017 3817 1055 3942 astu}
1079 3817 1154 3869 Anu.
1171 3821 1201 3906 Ι6,

29 3886 1201 4038 ,ὲέἑέἔῖζὲ”.Ῑ.ἶ.·.ἶ.·.ἷῖἴ.ἰῗ“ἔῖ“.ἷῖ,ἲ2.ιῖ2ἰῗ.Ρρῖψίἔὲὶ.....ἱ”ἕζ...”ῗὲἕ’.ἒ”.ἶῖἰ;

29 4031 106 4100 Foru
121 4037 287 4112 significat,
316 4045 350 4089 ut
367 4053 525 4107 occupare,
549 4036 695 4100 obtinere,
722 4039 809 4102 potiri
826 4041 855 4087 et
874 4033 972 4086 Genu.
992 4034 1130 4104 amsaosen
1149 4049 1204 4102 pro

29 4097 101 4170 Hosti
117 4107 204 4166 lunen
224 4119 256 4166 et
275 4117 334 4164 eret
353 4109 507 4178 umsassens
534 4109 651 4179 Setting.
670 4125 700 4177 p.
720 4109 763 4162 2⁰.
803 4108 913 4176 amplus
931 4110 1056 4162 civitatee
1074 4135 1110 4144 -
1128 4112 1206 4189 timr-

29 4160 93 4234 2⁸¹*st
122 4181 213 4241 Portus
232 4183 288 4238 vel
305 4185 492 4268 timebantur,
518 4189 617 4251 portus
634 4183 667 4233 cl.
688 4200 710 4233 e.
731 4177 794 4232 edd.
815 4186 876 4267 vet.
891 4187 957 4230 ente
976 4181 1054 4233 Brut.
1074 4195 1132 4240 non
1151 4196 1205 4228 nn-

29 4243 392 4402 tr.
416 4254 1209 4399 u.{tattaeus-p.tutissimus
