2904 4802
177 236 240 300 112
484 229 707 295 DIALOGUS
729 229 787 294 DE
810 228 1095 294 ORATORIBUS.

180 405 223 456 13.
252 407 280 453 11
298 398 334 452 ad
353 398 414 450 div.
435 402 483 464 12,
503 399 547 454 25.
583 397 672 451 Drak.
692 395 729 450 ad
748 397 811 449 [11.
832 400 868 458 3,
886 401 922 452 33
939 415 985 467 pr.
1012 401 1113 462 1133,
1133 399 1231 466 21111.
1266 395 1341 448 Duk.
1369 394 1414 446 ad

181 474 246 526 Lis.
267 471 335 542 epit.
355 473 392 528 to
406 487 452 540 pr.
485 473 620 523 Passerat.
640 470 678 523 ad
695 469 756 522 Cic.
776 487 804 540 p.
827 468 955 526 01119.
985 469 1101 522 Casaub.
1128 469 1164 522 ad
1182 467 1259 521 Suet.
1279 468 1336 521 'ria
1359 472 1410 521 11.

180 547 278 598 Burm.
298 543 335 596 ad
353 545 468 597 Petrcn.
489 560 513 596 c.
535 547 596 599 108.
617 543 720 613 lleyne
739 542 775 594 ad
793 541 875 616 Virg.
896 543 961 594 E'cl.
981 545 1017 608 8,
1036 547 1081 599 39.
1102 571 1135 583 -
1171 543 1286 594 Asinius
1305 541 1413 596 Pollio,

179 635 207 672 v.
228 617 263 670 ad
282 617 356 669 sun.
377 621 409 682 1,
428 618 483 682 12,
501 620 528 672 2.
565 619 697 670 1111111111
716 615 744 667 Ρ.
766 615 959 668 6111111111.
979 631 1024 685 pr.
1044 645 1080 656 -
1118 616 1145 666 C.
1166 615 1310 674 Catonem,
1329 613 1413 664 sedi-

179 691 285 744 tiosum
312 690 448 742 iuvenem
475 696 504 742 et
528 689 595 742 trib.
615 689 657 759 pl.
677 706 701 741 a.
721 689 756 742 U.
775 691 838 744 697.
872 689 923 742 Cn.
953 687 1041 741 Corn.
1070 687 1196 741 Lentulo
1220 686 1412 746 Marcellino,

181 765 214 817 1..
234 762 343 815 Marcio
362 759 499 831 Philippo
519 776 589 814 coss.
628 779 655 814 v.
680 761 740 814 Cic.
768 761 803 814 ad
828 760 887 813 div.
906 766 939 827 1,
957 763 984 818 2.
1004 765 1029 814 ll·
1050 763 1075 815 5.
1110 760 1275 825 adstat,
1296 760 1340 813 15.
1362 762 1412 812 to

181 836 218 889 ad
236 835 267 900 Q.
287 836 324 886 11.
345 839 380 899 1,
399 837 425 891 2.
446 837 472 889 5.
493 833 614 900 Quintil.
636 837 685 898 12,
705 837 739 900 6,
759 838 784 887 1.
824 834 850 885 C.
877 836 1008 887 Catonem
1038 833 1101 886 edd.
1122 832 1200 902 Lips.
1221 833 1252 896 (e
1271 847 1296 883 c.
1315 831 1411 883 Farn.

126 958 129 964 .
182 910 217 962 de
236 923 294 977 quo
312 925 340 960 v.
358 906 395 959 ad
413 923 437 959 c.
459 911 484 960 1.
504 925 533 959 n.
553 911 595 972 3.)
615 915 644 959 11
663 923 720 962 rec.
759 907 889 960 01111111
918 907 979 960 edd.
1005 914 1061 959 vet.
1088 905 1137 956 Dr.
1159 907 1202 958 0³.
1234 904 1297 958 -Sod
1319 919 1413 974 prae-

180 997 288 1034 nomen
311 979 399 1032 facile
427 980 562 1033 excidere
589 981 687 1049 potnit
713 987 743 1032 et
761 980 954 1034 necessarium
975 978 1070 1032 videri
1088 986 1190 1047 potest.
1227 977 1293 1044 „Gi
1314 975 1414 1028 Hein-

182 1051 257 1107 rich.
286 1051 322 1104 ad
349 1051 409 1106 Cic.
440 1059 525 1105 oratt.
545 1060 643 1122 partes
663 1052 741 1106 ined.
761 1067 789 1122 p.
809 1054 854 1109 7.’'
871 1054 924 1105 Dr.
944 1081 981 1092 -
1017 1070 1073 1108 non
1097 1055 1185 1104 multo
1213 1050 1274 1104 edd.
1296 1065 1412 1102 omnes.

181 1145 238 1184 aon
270 1127 390 1179 multum
417 1123 493 1178 MSS.
521 1125 583 1178 Vat.
620 1153 658 1166 -
694 1131 785 1178 111111
812 1133 854 1179 est
882 1143 897 1177 a
926 1124 1017 1178 Rhea.
1061 1131 1182 1177 aetatem
1210 1123 1274 1176 edd.
1294 1129 1351 1176 vet.
1374 1149 1414 1160 -

183 1202 280 1252 Culum
298 1198 327 1251 P.
350 1197 511 1262 Vatiniana,
547 1215 572 1250 r.
600 1198 791 1252 1611711.
814 1203 839 1252 1.
869 1206 898 1251 11
916 1198 950 1250 ad
970 1214 995 1250 c.
1015 1200 1059 1252 21.
1081 1215 1109 1250 n.
1131 1201 1157 1252 3.
1191 1195 1326 1252 Vatinius
1353 1194 1415 1245 fuit

182 1273 249 1325 trib.
269 1271 312 1342 pl.
332 1270 452 1324 Caesare
471 1286 545 1335 cos,
578 1269 682 1323 deinde
711 1271 813 1323 consul
833 1287 900 1322 cum
920 1270 951 1336 Q.
973 1269 1060 1323 Fusio
1080 1269 1187 1323 Caleno
1207 1287 1231 1321 a.
1252 1270 1287 1322 U.
1307 1271 1374 1322 707.
1399 1287 1415 1318 a

183 1346 303 1400 Caesare
331 1343 402 1396 dict.
429 1344 461 1394 in
483 1357 591 1412 paucos
615 1343 676 1396 dies
697 1343 806 1408 factus,
836 1343 949 1418 legatus
968 1342 1116 1406 Caesaris,
1146 1341 1237 1405 (Caes.
1257 1341 1283 1393 b.
1303 1341 1361 1392 civ.
1384 1345 1414 1403 3,

184 1416 388 1474 molliret.
409 1416 444 1470 G.
465 1418 578 1482 8,16.)
601 1433 712 1488 augur,
739 1417 900 1486 imperator
924 1423 953 1469 et
976 1423 1097 1486 praetor
1125 1415 1258 1484 lllyrici,
1285 1415 1326 1482 (r.
1349 1411 1415 1464 Cic.

184 1489 258 1545 Phil.
280 1493 331 1554 10,
350 1491 386 1552 5,
405 1493 431 1545 6.
451 1488 487 1540 ad
505 1487 562 1540 div.
583 1490 619 1554 5,
638 1493 665 1545 9.
685 1489 743 1553 10.)
770 1488 859 1542 bomo
880 1497 961 1541 natus
981 1496 1011 1541 et
1029 1487 1065 1540 ad
1084 1488 1175 1540 risum
1195 1485 1278 1540 etad
1298 1484 1416 1548 odium,

184 1563 275 1626 (unde
294 1563 387 1616 edium
408 1560 593 1614 Vatiniorum
612 1561 770 1631 prouerbio
798 1561 926 1622 dictum,
958 1559 1024 1614 San.
1052 1560 1087 1613 de
1116 1567 1208 1612 const.
1233 1577 1291 1629 sap.
1318 1576 1344 1610 c.
1369 1561 1418 1612 17.

184 1636 294 1691 catulli
313 1651 402 1688 carni.
422 1637 466 1688 14.
488 1636 578 1688 1152.
598 1637 668 1701 (53.)
694 1635 818 1687 blacrob.
845 1643 896 1686 sat.
915 1638 952 1699 2,
971 1637 1012 1695 6.)
1036 1631 1152 1685 Caesari
1174 1631 1258 1685 affini
1281 1631 1417 1683 familia-

185 1711 225 1763 ris
245 1717 274 1762 et
292 1707 410 1760 adiutor
429 1707 622 1760 consiliorum
649 1707 711 1761 eius
735 1707 768 1758 in
793 1707 961 1770 tribunatu,
996 1705 1194 1758 infestissimus
1220 1703 1359 1758 Ciceroni
1388 1711 1417 1755 et

185 1783 219 1836 ab
238 1799 272 1836 eo
291 1781 451 1844 scelerum,
479 1779 511 1831 in
530 1788 685 1848 quaestura
703 1787 733 1832 et
751 1779 902 1832 tribunatu
921 1779 962 1849 pl.
983 1778 1223 1840 commissorum,
1251 1783 1416 1836 accusatus,

185 1863 226 1920 (v.
248 1853 309 1907 Cic.
330 1870 373 1906 or.
392 1870 421 1922 p.
442 1851 553 1918 Vatin.)
580 1853 615 1906 de
643 1853 754 1906 ambitu
778 1853 940 1922 postulatus
967 1871 983 1904 a
1009 1851 1113 1916 Calvo,
1150 1849 1200 1904 sed
1223 1869 1239 1902 a
1257 1850 1417 1910 Cicerone,

186 1935 288 2053 titt
307 1923 785 2054 ³¹3⁵³32.⁰⁸1⁶⁵3¹'³‘.t¹¹taitt⁰”t⁰⁸
794 1933 841 2054 ιδῒ
868 1921 1351 2068 illinit.“tatuit
1368 1921 1418 2048 2³2‘l

186 2077 230 2128 28.
251 2080 280 2125 11
300 2070 535 2132 decretionibus
553 2069 637 2124 Calvi
656 2070 687 2122 in
706 2069 857 2123 Vatinium
877 2087 938 2140 sup.
959 2087 985 2123 c.
1005 2072 1048 2124 21-
1078 2068 1198 2135 Quintil.
1218 2073 1249 2132 6,
1271 2073 1301 2132 1,
1322 2071 1368 2121 13.
1390 2069 1418 2129 6,

186 2151 218 2208 3,
237 2149 282 2202 60.
301 2149 333 2210 9,
352 2147 387 2208 2,
407 2145 451 2196 25.
472 2146 522 2209 12,
543 2147 578 2207 6,
600 2149 625 2198 1.
644 2141 760 2196 1111111111.
780 2142 816 2194 a'd
833 2143 924 2196 Rutil.
944 2145 1016 2213 Lup.
1036 2159 1064 2212 p.
1086 2145 1147 2197 183.
1167 2169 1203 2180 -
1236 2141 1421 2193 erationibus

187 2221 303 2272 insecuti
320 2223 402 2274 amet,
422 2232 448 2266 v.
470 2215 595 2269 1611.
616 2233 644 2266 n.
664 2219 691 2274 2.
710 2245 746 2260 .-
771 2215 900 2286 hodieque
919 2216 981 2268 edd.
1002 2215 1066 2268 Ber.
1087 2212 1177 2268 Rhen.
1199 2223 1272 2278 tres,
1297 2213 1366 2265 Ald.
1389 2220 1418 2263 et

119 2355 123 2364 ι
189 2307 245 2344 rec.
275 2289 356 2342 bodie
374 2287 418 2341 ed.
437 2305 483 2356 pr.
504 2289 566 2340 l’ut.
587 2288 650 2340 Riv.
672 2288 716 2341 Os.
743 2288 1025 2359 hodiequoqucvat.
1046 2290 1125 2343 1862.
1146 2288 1237 2340 eted.
1259 2287 1310 2339 Dr.
1330 2303 1360 2338 v.
1383 2285 1418 2335 ad

189 2365 224 2418 G.
245 2368 271 2420 3.
293 2381 322 2415 n.
342 2365 368 2417 6.
986 2388 992 2406 ·

628 2579 822 2636 CAPUT
866 2581 974 2634 XXXV.

272 2713 317 2774 At
342 2729 431 2773 nunc
458 2707 692 2771 adolescentuli
724 2711 831 2772 nostri
861 2708 1072 2774 deducuntur
1101 2714 1136 2772 in
1158 2729 1270 2772 scenas
1292 2709 1424 2769 schola-

189 2799 359 2859 sticorum.
383 2795 442 2876 qui
465 2794 609 2863 rhetores
630 2802 807 2859 vocantur:
831 2811 913 2875 quos
937 2796 1034 2876 paulo
1056 2803 1131 2857 ante
1144 2793 1314 2857 Ciceronis
1337 2800 1424 2852 tem-

189 2901 273 2965 pora
293 2879 457 2940 exstitisse
477 2895 538 2936 nec
558 2877 721 2958 placuisse
745 2877 927 2938 maioribus
943 2881 1066 2939 nostris
1089 2899 1130 2942 ex
1148 2899 1187 2939 eo
1205 2877 1423 2938 menifestum

190 2973 261 3042 est,
284 2959 374 3046 quod
401 2959 521 3021 Crasso
544 2967 577 3020 et
597 2959 745 3022 Domitio
768 2961 959 3022 censoribus
982 2961 1133 3042 cludere,
1156 2971 1196 3024 ut
1216 2964 1264 3022 ait
1286 2957 1421 3038 Cicero,

192 3049 307 3108 lardum
335 3043 558 3123 impudentiae
595 3044 678 3104 iussi
708 3053 794 3105 sunt.
848 3041 933 3125 Sed,
966 3054 1004 3106 ut
1045 3045 1157 3108 dicere
1193 3045 1422 3120 institueram,

192 3127 404 3193 deducuntur
431 3129 467 3186 in
504 3125 649 3198 scholas,
690 3128 811 3209 quibus
846 3149 913 3190 non
946 3131 1041 3192 facile
1063 3128 1225 3208 dixerim,
1258 3138 1422 3190 utrumne

191 3217 282 3276 locus
303 3215 394 3294 ipse,
416 3230 459 3272 en
481 3207 715 3294 condiscipuli,
738 3233 779 3272 an
801 3233 904 3300 genus
927 3211 1113 3276 studiorum
1135 3214 1211 3296 plns
1226 3211 1304 3272 meli
1326 3213 1423 3297 inge-

190 3299 254 3360 niis
276 3297 426 3358 afferant.
471 3291 558 3354 Nam
574 3295 609 3353 in
629 3295 701 3355 loco
715 3296 798 3356 nibil
821 3298 1049 3367 reverentiae,
1074 3295 1181 3359 sedin
1200 3315 1298 3379 quem
1321 3315 1422 3355 nemo

191 3383 256 3442 nisi
267 3380 442 3462 imperitus
453 3380 680 3464 acquaintrat.
711 3379 750 3440 ln
767 3377 1001 3462 condiscipulis
1020 3381 1102 3442 nihil
1114 3383 1293 3464 proiectus,
1314 3399 1421 3460 quum

191 3465 290 3549 pueri
311 3465 401 3524 inter
410 3479 543 3606 pucros
566 3469 599 3522 11
619 3460 858 3525 adolescentuli
880 3465 970 3526 inter
993 3463 1252 3527 adolescentulos
1270 3465 1348 3546 pari
1372 3481 1423 3524 sc-

193 3549 335 3610 curitate
356 3553 389 3607 et
434 3547 520 3605 'cant
542 3555 576 3606 11
596 3543 785 3608 audiantur.
830 3545 923 3630 ipsae
953 3567 1035 3609 vero
1067 3549 1320 3612 exercitationes
1353 3567 1423 3606 ma-

191 3652 255 3719 gna
277 3651 317 3692 ex
338 3637 433 3712 parte
454 3630 650 3690 contrariae.
694 3629 823 3714 Nempe
855 3634 943 3692 enim
973 3629 1038 3694 duo
1061 3653 1182 3718 genera
1203 3631 1423 3694 materiarum

192 3711 282 3800 apud
311 3713 461 3776 rhetoras
492 3720 699 3792 tractantur,
732 3717 905 3776 suasoriae
933 3726 966 3777 et
992 3717 1249 3780 controversiae.
1299 3713 1350 3774 Ex
1381 3715 1424 3774 iis

192 3800 362 3861 suasoriae
383 3794 535 3878 quidem,
569 3795 657 3873 [etsi]
688 3806 846 3880 tanquam
873 3801 970 3880 plane
992 3801 1132 3864 leviores
1154 3808 1189 3861 et
1208 3801 1319 3859 nunus
1341 3817 1424 3879 prn-

194 3881 323 3944 dentiae
345 3883 531 3966 exigentes,
563 3883 678 3960 pneris
700 3879 913 4028 delepantum
949 3885 1197 3946 controversiae
1218 3883 1423 3943 robustiori-

194 3968 255 4030 bus
275 3964 504 4050 essignantur,
546 3963 657 4045 quales
687 3985 749 4044 per
796 3965 869 4029 dem
891 3975 923 4029 et
945 3987 1043 4048 qnam
1064 3965 1306 4029 incredibiliter
1332 3983 1423 4025 com-

193 4049 337 4134 positae!
373 4043 533 4129 Sequitur
554 4055 680 4118 antem,
708 4057 747 4110 ut
767 4053 925 4112 materiae
947 4051 1141 4113 abhorrenti
1163 4071 1182 4111 a
1202 4049 1344 4112 veritate
1368 4045 1425 4110 dc-

195 4132 346 4195 clamatio
369 4149 501 4213 quoque
523 4127 729 4193 adhibeatur.
782 4131 839 4194 Sic
860 4135 920 4213 fit,
958 4143 997 4196 ut
1018 4133 1304 4214 tyrannicidarum
1326 4151 1425 4215 prae-

197 4217 261 4278 mia
288 4223 346 4276 aut
371 4216 567 4278 vitiatarum
597 4215 772 4279 electiones
803 4227 861 4279 aut
889 4219 1094 4301 pestilentiae
1123 4213 1269 4282 remedia
1289 4225 1351 4278 aut
1372 4218 1424 4278 in-

196 4308 284 4364 cesta
305 4306 450 4359 manum
470 4304 529 4358 aut
550 4299 709 4382 quicquid
728 4302 764 4362 in
794 4301 905 4364 schola
933 4299 1083 4384 quotidie
1112 4305 1244 4389 agitur,
1280 4303 1316 4362 in
1347 4303 1423 4362 foro

109 4471 111 4474 Ι
197 4385 249 4448 vel
272 4401 350 4444 raro
371 4382 425 4446 vel
446 4401 615 4464 nunquam
643 4385 834 4470 ingentibus
867 4387 980 4450 verbis
1011 4393 1264 4471 persequantur.
1310 4384 1423 4465 Quum
