2756 4792
325 205 331 215 '
407 203 549 270 CAPUT
570 204 646 271 Xll.
670 205 763 270 Xlll.
1143 210 1204 272 371

16 381 115 437 ructat,
131 373 166 428 de
184 373 246 426 illis
265 370 309 440 (6.
328 371 432 426 Asinio
450 371 601 438 Pollione,
621 371 652 426 6.
671 372 773 426 Asinio
792 370 898 438 Gallo,
927 372 989 426 eius
1007 373 1092 438 lilio,
1120 374 1202 428 liei-

15 449 46 502 919
125 454 189 501 991
205 445 271 499 aliis
302 463 330 498 9.
351 460 413 514 999.
435 447 478 500 18.
497 447 542 500 22.
561 447 606 502 23.
626 444 661 498 91
679 444 754 497 Ann.
774 449 808 510 1,
830 448 875 510 12,
893 447 920 502 2
941 444 1061 512 Quintil.
1080 451 1108 514 9,
1126 451 1154 512 4,
1175 451 1201 500 1.

14 449 191 584 (91111..ιῖ1999.
217 526 246 572 91
264 445 378 586 ipati.)
405 519 690 584 11,1.12,1,22.
717 517 794 587 1999.
815 521 864 582 12,
885 522 936 583 10,
956 522 980 574 1.
1001 520 1092 574 9112.
1122 517 1201 574 6911.

13 596 67 656 2,1.
83 596 127 658 17,
146 596 180 658 1,
201 596 226 646 1.
245 590 321 642 Plin.
342 606 386 660 99.
405 593 437 656 7,
456 591 484 644 4.
503 589 633 644 1999991.
654 591 686 656 7,
705 591 767 644 214.
793 587 871 644 Suet.
892 590 994 644 Claud.
1013 595 1058 646 41.
1079 589 1144 645 Son.
1166 591 1202 645 de

13 665 40 716 ira
54 671 81 730 3,
97 669 137 721 37.
157 671 187 717 91
205 662 328 716 declam.
347 662 400 715 111.
421 663 566 716 Ammian.
586 663 717 716 Marcell.
737 663 792 726 22,
812 665 865 729 16,
887 667 930 720 16.
958 661 994 718 de
1012 661 1058 716 his
1078 663 1201 730 Quintil.

12 741 32 802 3,
46 743 70 802 3,
87 742 126 794 27.
143 738 187 793 28.
226 733 335 788 Donati
354 735 418 786 rita
436 733 517 809 Virg‘.
537 733 568 804 §.
587 739 631 791 16.
667 733 793 788 Driiokii
813 751 917 789 comm.
937 733 973 788 de
991 735 1149 792 virtutibus
1169 755 1202 790 99

12 811 69 862 ritiis
93 809 207 863 Homeri
235 824 268 860 99
292 805 416 890 Virgilii
442 823 477 859 ex
500 808 655 878 utriusque
680 823 754 861 9999.
772 807 973 874 aestimandis,
1006 808 1101 934 61919.
1121 813 1202 868 1783.

11 883 134 952 Praecipue
159 889 189 935 et
215 878 321 932 maiori
348 895 413 932 ture
432 878 613 934 irridebatur
632 879 785 937 Ciceronis
802 880 898 950 poesis
918 889 947 935 et
965 897 1052 950 prosa
1096 883 1107 936 i
1146 883 1202 936 'lii.

12 951 1205 1031 QOQmmfflmmmffimmmmmfflm

10 1028 174 1082 ostentationis
192 1027 289 1098 plena.
328 1023 370 1078 61.
392 1041 455 1094 cap.
471 1027 516 1080 21.
537 1025 598 1079 619.
618 1025 654 1078 de
673 1026 731 1101 leg.
752 1029 787 1091 1,
809 1031 832 1080 1.
853 1025 912 1078 div.
934 1031 964 1090 1,
984 1030 1029 1082 47.
1049 1030 1083 1093 2,
1103 1033 1147 1085 30.
1169 1027 1204 1081 19

10 1109 46 1152 991
61 1101 131 1154 deor.
149 1105 183 1164 2,
202 1105 247 1155 41.
268 1097 317 1152 off.
339 1101 372 1161 1,
392 1099 437 1152 22.
457 1097 532 1150 Ρ191.
554 1098 615 1152 619.
635 1100 662 1152 2.
694 1099 826 1152 1999991.
848 1103 902 1165 10,
923 1099 1087 1157 122-126.
1117 1101 1206 1168 Quin·

10 1172 210 1240 91.11,1,21.
248 1177 382 1244 quiante
403 1169 526 1240 Virgilii
543 1187 558 1224 e
577 1169 653 1225 MSS.
674 1171 737 1223 Vat.
762 1170 939 1225 addiderunt
963 1170 1041 1225 Brot.
1072 1173 1145 1227 Eun.
1165 1173 1204 1226 91.

9 1243 38 1295 ot.
53 1246 83 1297 ad
100 1263 157 1316 cap.
177 1249 203 1301 8.
223 1262 253 1298 n.
272 1249 300 1301 3.
329 1244 514 1307 detractent,
546 1243 628 1318 vulg.
648 1244 807 1302 1919991991.
836 1261 864 1296 r.
885 1243 921 1296 ed
938 1242 1013 1297 Ann.
1035 1249 1149 1312 14,·52.
1169 1275 1205 1288 -·

9 1315 126 1372 C.Asins's'
141 1317 298 1383 Pollionis,
331 1335 358 1369 9.
388 1313 519 1368 9911199.
540 1320 572 1380 1,
593 1318 645 1380 12,
665 1319 691 1370 2
726 1318 762 1369 Μ.
782 1317 893 1370 Valerii
912 1315 1046 1372 Messalae
1072 1319 1204 1384 Corvini,

9 1391 339 1458 9.91199.2,32,1.
376 1386 506 1442 Metellae
525 1388 587 1441 Put.
621 1388 755 1443 Messalae
782 1388 846 1443 Ber.
872 1388 964 1443 Rben.
994 1397 1023 1444 et
1046 1408 1105 1444 reo.
1137 1391 1206 1447 otae·

6 1463 240 1536 91999111199.
261 1463 347 1516 Bern.
367 1461 442 1514 latin.
461 1488 498 1502 -
516 1459 610 1514 119199
631 1461 742 1523 onidis,
761 1461 797 1516 sle
817 1479 874 1530 qua
893 1461 1017 1528 Quintil.
1039 1468 1088 1530 10,
1109 1470 1141 1530 1,
1160 1467 1209 1522 08.-

7 1553 27 1586 ss
40 1538 133 1590 ridetur
150 1537 222 1590 mitt
239 1537 391 1596 ostendere,
425 1543 560 1606 quantum
584 1540 628 1587 us'r
651 1537 699 1588 tlte
716 1542 859 1604 praestare
876 1540 1012 1603 potuerit,
1045 1541 1206 1608 9119999919

4 1627 36 1658 99
55 1619 200 1680 temperare
224 1627 308 1680 quam
333 1609 479 1679 indulgere
501 1610 653 1662 maluisset.
697 1606 845 1660 Laudatur
869 1607 954 1660 etism
982 1625 1081 1662 versus
1106 1611 1165 1663 eius
1190 1631 1205 1663 9

6 1679 102 1744 Quintil.
119 1687 155 1750 8,
174 1685 209 1746 5,
230 1686 257 1738 6.
281 1681 400 1752 ipsaque
425 1680 577 1754 tragoedia
603 1679 637 1732 ab
663 1679 787 1750 Apuleio
815 1679 850 1732 de
878 1678 1009 1755 orthogr.
1034 1683 1203 1756 fragitum.

2 1755 330 1820 98910999919119.
370 1755 413 1808 cf.
432 1755 531 1807 Burm.
551 1751 587 1806 ad
606 1751 726 1806 Anthol.
746 1752 808 1805 Lat.
828 1751 861 1804 Τ.
875 1753 898 1805 1.
918 1769 947 1822 p.
958 1756 1037 1819 1239
1058 1755 1089 1806 G.
1108 1755 1203 1810 Jacob.

2 1823 61 1878 laud.
79 1847 94 1880 a
113 1828 161 1880 Dr.
181 1845 211 1898 p.
231 1831 294 1886 247.
314 1855 350 1868 -
386 1825 627 1896 799111199919,
655 1825 687 1878 1..
708 1825 805 1892 Varii,
826 1825 907 1878 ouius
927 1826 1057 1879 carmine
1077 1828 1158 1898 epioe
1178 1837 1206 1885 et

4 1901 162 1972 tragoediae,
201 1901 279 1971 inpr.
304 1897 445 1969 Thyestes
473 1905 502 1952 et
520 1898 715 1974 Panegyricus
735 1898 767 1950 in
784 1897 964 1973 Augustum,
992 1899 1123 1970 impense
1142 1901 1205 1954 lau·

1 1967 1205 2046 &mnuffifflssmffi29stffissifflmmdbffiteffimbffi

12 2047 444 2112 1-03.1,6,55.1,0,23.
477 2047 507 2111 1,
528 2045 847 2112 19,19-45.8199.
879 2045 1204 2114 9199191.2,1,247.

2 2110 287 2184 09991.19,1,99
315 2117 438 2170 11991191.
457 2118 488 2182 8,
508 2120 551 2172 18
580 2115 756 2179 1119999196,
777 2121 802 2170 1.
823 2119 896 2173 912.
924 2115 987 2186 (qui
1010 2115 1117 2172 horum
1142 2135 1206 2172 oar·

0 2188 87 2243 u'mn·
104 2193 272 2268 fragmenta
289 2190 371 2244 nobis
391 2190 531 2254 serravit)
556 2188 689 2314 Rutgbers.
718 2189 786 2243 leot.
812 2190 917 2244 Venus.
937 2205 962 2243 9.
981 2193 1008 2246 3.
1036 2189 1150 2244 Ruhnk.
1171 2194 1207 2246 ad

1 2257 1204 2333 MpfflswmfflnaffimeommmdmmW.

20 2333 96 2412 ,10,
115 2339 162 2393 85.
194 2334 308 2389 Saleius
326 2334 425 2388 Bassus
445 2334 476 2386 in
493 2335 587 2388 Pison.
606 2336 669 2390 227.
696 2333 893 2402 (Wernsdorf.
913 2343 990 2404 poet.
1011 2337 1061 2388 191.
1082 2283 1205 2392 991911.

0 2408 2 2445 t
27 2425 72 2476 ·p.
90 2411 170 2474 276.)
196 2407 295 2478 89911.
324 2407 360 2460 91
387 2406 507 2474 Quintil.
527 2411 562 2474 3,
581 2409 613 2472 8,
633 2409 677 2462 45.
708 2405 859 2462 Heindorf.
889 2407 925 2460 ad
949 2407 1021 2461 Hor.
1048 2407 1106 2462 Sat.
1128 2415 1159 2470 1,
1178 2414 1205 2478 4,

10 2479 29 2528 b
46 2485 93 2544 10,
112 2487 158 2537 43.
180 2481 283 2534 Osann.
304 2479 340 2532 ad
358 2479 445 2550 Apul.
464 2481 570 2555 fragm.
589 2496 618 2549 p.
638 2483 683 2535 68.
704 2477 870 2532 Tiraboscb.
890 2479 923 2532 in
942 2479 1037 2533 Storia
1056 2480 1206 2536 lettereria

2 2547 98 2606 'ltalia
123 2556 154 2608 Ρ.
176 2554 230 2607 ΙΙΙ.
251 2553 272 2606 l.
291 2557 316 2609 3.
335 2569 363 2622 9.
380 2554 443 2608 200.
477 2559 506 2606 91
534 2551 642 2628 langii
668 2549 777 2604 vindic.
803 2559 876 2626 trag.
902 2550 983 2604 Rom.
1003 2569 1031 2622 p.
1050 2557 1076 2608 8.
1113 2554 1206 2608 Verba

51 2626 128 2680 Vnrs's'
140 2625 253 2680 'absunt
270 2643 286 2678 9
306 2623 369 2677 991.
388 2623 475 2678 Farn.

430 2823 452 2877 6
472 2825 496 2876 Α
515 2824 536 2875 P
556 2825 582 2878 U
600 2823 626 2877 Τ
667 2823 749 2879 xus.

59 2937 106 3000 Ac
127 2956 172 3000 99
191 2939 363 2998 fortunam
383 2934 518 3018 quidem
538 2942 654 2999 vatum
684 2944 718 2997 91
746 2931 831 2997 illud
851 2935 928 2996 felix
950 2937 1207 3001 contubernium

2 3041 174 3104 9-999999
194 3021 366 3082 timuerim
388 3039 463 3080 oum
483 3019 632 3163 ippuieta
653 3027 687 3080 et
708 3020 806 3080 anxia
826 3027 999 3082 oratorum
1019 3023 1100 3085 9119.
1148 3021 1207 3084 Li-

0 3134 15 3151 -*
49 3107 120 3168 illos
143 3105 327 3167 oertamina
347 3113 381 3166 et
402 3103 495 3187 perio
533 3122 553 3162 9
568 3121 629 3164 999
644 3099 687 3163 ed
699 3103 890 3164 consulatus
909 3107 1099 3182 evexerint,
1119 3107 1205 3168 malo

13 3210 133 3252 urum
166 3199 201 3252 et
226 3195 391 3250 secretum
414 3186 553 3272 Virgilii
582 3204 764 3266 secessum,
803 3187 840 3246 in
869 3205 936 3268 quo
964 3195 1073 3250 tamen
1099 3209 1206 3272 neque

13 3271 64 3332 ud
85 3273 204 3336 divum
227 3271 415 3357 Angustum
436 3270 543 3356 gratia
564 3269 694 3348 carnit,
724 3289 831 3352 neque
852 3267 942 3351 apud
962 3273 1122 3354 populum
1142 3273 1207 3334 Ro-

131 3357 263 3417 notitia.
305 3354 585 3438 Testes-Augusti
613 3371 631 3414 9
655 3353 789 3432 1919199,
827 3353 920 3413 199119
946 3355 1019 3436 1999
1050 3358 1204 3438 9999199,

0 3441 55 3518 ;·“,
77 3439 205 3502 auditis
227 3440 263 3498 in
284 3437 416 3500 theatro
437 3437 591 3501 uersibus
613 3373 772 3534 11991111,
805 3436 951 3497 surrexit
972 3439 1151 3500 universus
1174 3447 1207 3500 91

0 3533 62 3586 rte
100 3530 314 3606 praesentem
347 3527 614 3602 sectantemque
643 3519 827 3606 Virgilium
861 3529 1042 3582 veneratus
1075 3529 1124 3582 est
1158 3523 1206 3584 sio

13 3609 68 3667 991
82 3607 288 3692 Augustum.
366 3625 384 3666 9
405 3605 528 3666 9991919
550 3599 684 3686 quidem
704 3602 910 3686 temporibus
926 3597 1099 3668 Secundus
1110 3603 1207 3674 Pom,-

28 3694 92 3752 ’99
114 3689 204 3752 Afro
225 3687 373 3750 Domitio
394 3689 449 3752 991
470 3685 640 3832 dipinpltptepl
657 3687 747 3750 vitae
774 3669 828 3750 991
858 3687 1081 3769 perpetuitate
1102 3683 1206 3754 famae

0 3778 121 3836 serit.
168 3771 257 3834 Nam
278 3768 417 3855 Crispus
447 3777 480 3832 91
642 3791 699 3848 99,
736 3767 779 3831 ad
804 3789 949 3852 quorum
978 3773 1126 3855 exempla
1154 3793 1207 3834 me

13 3882 16 3907 ι
44 3900 49 3911 .
82 3907 93 3936 ,
189 3854 222 3916 ’d
249 3855 371 3918 habent
398 3857 441 3917 in·
457 3855 518 3916 hac
538 3855 706 3936 praesenti
726 3857 861 3915 fortuna
882 3855 1215 3938 concupiscendum?¹

2 3941 40 4018 u]
63 3961 134 4026 quo
184 3941 325 4002 timent?
347 3958 389 4000 99
410 3936 500 4022 quod
520 3939 703 4008 timentur?
726 3935 831 4020 qnod,
854 3957 956 4020 quum
977 3937 1126 4022 qnotidie
1148 3941 1206 4000 nli-

1 4023 51 4101 ¹o'tl
72 4031 264 4112 rogentur,
295 4022 350 4104 hi,
381 4023 712 4106 991599999991991,
744 4019 984 4108 indignantur?
1027 4021 1116 4106 quod
1136 4023 1207 4082 alli-

0 4111 40 4168 n·
60 4131 142 4172 cnm
165 4105 356 4169 adulatione
371 4126 432 4168 nec
448 4105 688 4188 imperantibus
709 4125 857 4187 unquam
879 4107 957 4168 setis
980 4107 1071 4168 servi
1090 4103 1207 4168 viden-

4 4216 9 4243 1
38 4235 46 4262 ,
78 4213 144 4256 999
166 4191 264 4252 nobis
286 4191 365 4252 satis
386 4189 507 4252 liberi?
550 4188 642 4270 Quae
670 4187 899 4258 heecsumma
922 4209 1037 4252 eorum
1081 4191 1207 4252 otentia

0 4314 8 4325 .
28 4281 42 4334 2
62 4277 218 4339 Tantum
241 4292 338 4358 posse
358 4274 470 4336 liberti
491 4271 623 4336 solent..
649 4269 708 4334 Me
728 4291 810 4335 vero
831 4273 960 4353 dulces,
982 4282 1021 4336 ut
1041 4210 1207 4360 1119911199

29 4407 38 4434 ,
65 4361 216 4439 Musae,
249 4365 418 4434 remotum
438 4376 458 4419 9
479 4352 755 4418 sollicitudinibus
786 4365 819 4419 et
845 4358 937 4418 euris
959 4366 991 4418 et
1014 4361 1208 4420 necessitate

833 4440 882 4512 24
892 4439 917 4518 *,
