2792 4792
142 192 201 254 uo
229 169 235 180 ”
493 187 669 255 ursum
690 187 749 252 nn
775 183 1011 252 omniun

209 359 236 414 8.
273 355 411 418 Absenti,
438 357 466 410 si
483 355 553 428 pasti
563 358 735 426 poposcerit,
758 353 900 408 concedere
917 357 1022 420 mortu
1059 361 1087 406 et
1100 353 1231 423 modi
1248 355 1363 408 tavena

139 429 231 482 eadem
242 426 393 500 facilitas,
421 444 480 482 non
499 427 599 481 miuus
618 435 739 482 veretur
755 425 876 498 hospes,
907 426 961 496 qui
979 425 1109 496 aliquem
1128 426 1294 480 liberaliter
1311 445 1362 480 ex·

140 509 273 573 ceperat,
293 501 327 554 ab
344 501 468 556 abeunte
486 499 603 571 hospite
620 500 737 572 aliquid
754 515 892 570 poscere,
920 499 998 570 quod
1017 500 1049 552 in
1067 499 1243 553 memoriam
1261 497 1362 569 hospi-

140 575 263 628 talitatis
281 581 380 628 sancte
397 573 509 628 serrari
527 573 647 627 solebat.
689 573 770 630 liaeo
794 579 862 626 sunt
886 573 959 635 ξένια
983 591 1005 625 r.
1028 572 1106 645 boios
1122 573 1231 635 ξενικὰ,
1259 571 1362 638 Xenis,

138 638 261 702 mun'era
278 645 445 718 hospitalia.
484 645 528 700 Gt.
548 645 632 700 Hom.
652 646 691 701 ll.
709 650 746 712 8,
764 647 885 714 amoq.
905 647 968 702 235.
999 645 1037 698 vi
1075 643 1174 698 .Aen.
1192 649 1220 710 8,
1240 648 1362 714 ibbseq.

138 720 296 796 Nibelung.
315 737 343 774 v.
362 722 443 776 6813.
475 722 635 788 poposcerit
652 721 714 776 Vat.
734 720 814 775 1518.
834 721 918 776 2861.
937 720 1017 774 teto
1106 718 1154 772 nd.
1173 718 1238 772 atsi
1255 724 1312 771 vet.
1334 726 1365 770 et

138 809 196 847 reo.
229 799 414 862 poposcerunt
430 792 492 849 vit.
513 794 592 848 1862.
626 795 788 864 poposcerit
814 791 858 846 ed.
878 789 970 846 lihen.
988 791 1016 848 2.
1034 795 1061 848 3.
1081 798 1114 844 et
1129 797 1185 845 cet.
1204 798 1271 844 ente
1288 789 1364 844 nm.

139 863 205 924 vox
223 865 329 920 omissa
348 863 381 920 in
399 862 444 918 ed.
463 863 546 918 Rom.
1207 903 1209 912 ,

210 975 254 1028 1⁰.
293 971 421 1028 &odeat
446 973 619 1038 muneribus,
652 973 756 1044 quibus
784 989 845 1028 non
871 973 957 1028 modo
987 973 1112 1028 infantes
1136 971 1282 1046 gaudent,
1313 971 1368 1026 sesi

140 1045 230 1100 etiam
248 1045 352 1116 populi
372 1044 457 1100 rudes
476 1052 506 1099 et
522 1046 682 1118 praecipue
701 1046 876 1114 orientales,
906 1046 958 1116 qui
976 1063 1012 1100 ne
1032 1045 1161 1100 invisere
1180 1044 1297 1114 quidem
1316 1061 1367 1098 sc-

139 1119 203 1173 lent
220 1117 350 1187 aliquem
376 1117 436 1172 nisi
461 1117 550 1172 allato
578 1136 708 1174 munere.
741 1137 769 1173 v.
792 1119 918 1172 Harmas
940 1137 968 1172 u.
996 1117 1090 1173 Faber
1116 1115 1267 1172 Beobacht.
1292 1117 1368 1171 iiber

138 1191 195 1245 (len
214 1189 315 1244 Orient
333 1189 367 1244 T.
387 1189 426 1246 11.
445 1207 474 1276 p.
495 1193 602 1250 1-32.
622 1221 659 1232 -
676 1191 788 1245 adnot
804 1191 874 1245 data
891 1195 1050 1262 imputant,
1069 1208 1127 1244 non
1145 1191 1310 1262 postulant,
1332 1199 1367 1242 ut

138 1263 195 1316 eibi
213 1279 268 1334 pro
287 1261 326 1316 iis
344 1261 378 1316 ah
398 1263 610 1334 accipientibus
629 1263 726 1340 gratia
744 1263 883 1319 debeatur
903 1263 1094 1332 reddaturre;
1113 1263 1190 1317 Hess.
1211 1270 1240 1316 et
1257 1263 1366 1316 otest.

139 1335 183 1391 Oi.
202 1335 239 1388 ad
256 1337 291 1389 H.
313 1341 345 1402 1,
364 1339 414 1404 71,
433 1337 460 1390 2
479 1365 516 1378 -
541 1355 589 1391 neo
605 1339 725 1406 acceptis
743 1337 925 1410 obtigapture
942 1337 1077 1407 „optime
1096 1336 1232 1406 quidem,
1251 1335 1284 1387 ni
1301 1355 1368 1392 ma-

139 1409 178 1464 lis
197 1424 313 1462 omnem
331 1405 522 1463 donationum
540 1417 673 1480 naturam
693 1418 833 1464 evertere.
872 1407 946 1462 Sunt
965 1409 1121 1480 aliquando
1140 1407 1291 1474 homines,
1310 1411 1369 1479 qui

138 1481 247 1536 donant
275 1479 355 1534 nihil
381 1482 441 1538 talo
466 1482 657 1554 opinantibus
681 1489 712 1538 et
736 1483 921 1554 repentinam
944 1482 1153 1538 liberalitatem
1176 1481 1368 1536 mirantibus:

137 1554 227 1626 paulo
244 1561 311 1626 post
330 1552 482 1610 donatores
501 1554 591 1609 aliam
609 1573 691 1622 rem,
715 1572 848 1626 operam,
875 1555 974 1610 officia
992 1555 1127 1630 flagitant
1151 1561 1196 1620 et,
1232 1553 1257 1608 si
1275 1572 1370 1631 nega·

137 1627 236 1694 veris,
257 1625 440 1696 irascuntur,
460 1627 573 1704 ingrati
592 1628 685 1682 anirni
704 1628 813 1682 vitium
832 1627 996 1696 obiectant,
1016 1628 1128 1682 iniuria
1145 1646 1175 1682 se
1194 1625 1275 1680 affici
1293 1645 1369 1683 con·

139 1707 313 1772 queruntur.
351 1699 414 1754 Hoc
432 1716 493 1754 non
512 1707 555 1756 est
573 1699 694 1768 donare,
723 1701 773 1756 sed
792 1719 907 1768 emere,
936 1708 965 1755 et
983 1701 1103 1770 quidem
1122 1697 1157 1754 ab
1177 1697 1288 1764 invito,
1323 1709 1370 1754 est

138 1777 279 1844 imputare
297 1772 362 1826 data
381 1772 424 1840 ei,
457 1773 510 1844 qui
537 1791 569 1828 es
592 1773 659 1850 lege
685 1791 745 1830 non
771 1774 903 1846 accepit;
937 1781 980 1828 est
1002 1771 1179 1828 contendere
1200 1772 1263 1826 bbli
1286 1781 1369 1828 atrum

138 1864 220 1912 eum,
251 1845 303 1918 qui
322 1845 357 1900 de
375 1845 439 1900 ullo
458 1845 534 1900 iuris
553 1845 675 1902 vinculo
693 1863 753 1900 non
772 1847 937 1922 cogitarat,
972 1847 1076 1902 tallere
1095 1845 1223 1915 donimus
1242 1790 1294 1900 suli
1312 1847 1370 1902 ‹lo-

137 1917 228 1972 nandi
248 1917 408 1994 speciest,
435 1925 592 1988 postquam
618 1919 697 1973 fraus
715 1935 774 1972 non
792 1921 947 1986 successit,
982 1921 1070 1974 etiam
1099 1915 1281 1994 indignari.”
1316 1921 1371 1974 Ge-

137 1993 222 2054 iouer
238 2008 267 2062 p.
287 1994 350 2048 531.
394 1989 576 2077 obligantur,
609 2007 639 2045 se
664 1991 808 2068 obligatos
836 2011 896 2048 esse
923 1999 1040 2062 putant:
1068 1993 1165 2046 forma
1192 1990 1305 2062 passiva
1331 1994 1372 2047 ad

137 2064 256 2118 molum
274 2063 366 2118 medii
384 2063 469 2118 verbs
489 2061 616 2131 Graeci,
638 2063 742 2120 Grtntb.

207 2176 252 2228 11.
291 2171 403 2233 Victus,
437 2173 635 2240 conversatio,
666 2169 743 2227 inter
760 2172 880 2242 hospites
905 2179 1033 2241 mutuos,
1064 2187 1189 2242 quorum
1216 2171 1293 2226 alter
1319 2189 1373 2227 ex·

137 2245 421 2372 81831518
431 2245 667 2372 estitit
687 2244 1375 2374 t2202³¹¹3s⁵t⁵t⁰³⁰¹²eittltttitt‘tt

137 2389 202 2444 hir.
221 2335 337 2457 25,P12
355 2393 472 2458 38,11.
518 2389 568 2445 Sic
596 2391 746 2462 aptissima
773 2389 803 2444 h.
830 2389 851 2444 l.
877 2335 980 2456 verbi),
1015 2407 1087 2460 quae
1114 2391 1290 2460 interpretes
1316 2393 1374 2446 vel

136 2463 239 2534 spuria
257 2479 318 2517 esse
335 2469 457 2534 putant,
484 2463 536 2517 vel
553 2463 783 2534 transponenda,
811 2461 861 2518 vel
879 2469 1032 2534 corrupta,
1063 2463 1114 2517 vel
1131 2463 1192 2517 alio
1210 2480 1296 2516 sensu
1318 2481 1374 2518 ca-

136 2534 253 2606 pienda.
291 2534 352 2588 Alii
372 2553 405 2590 ea
422 2536 455 2590 in
483 2535 573 2591 initio
599 2537 728 2608 proximi
752 2551 813 2606 cap.
839 2535 973 2606 ponenda
1000 2543 1121 2606 putant;
1158 2533 1315 2590 Thiersch.
1339 2555 1372 2608 p.

135 2611 199 2666 162.
224 2615 254 2662 et
272 2607 486 2680 Heidenkamp.
507 2617 586 2664 ante:
608 2610 732 2663 Abeunti
741 2643 750 2672 ,
768 2614 796 2662 si
813 2609 884 2681 quid
895 2611 1056 2679 poposcerit
1074 2615 1128 2662 oet.
1148 2614 1181 2661 ut
1199 2609 1240 2660 ite
1259 2607 1376 2665 cohae-

136 2688 234 2735 reant:
262 2679 332 2734 dum
357 2681 478 2750 adsunt,
513 2683 640 2738 comiter
662 2681 825 2750 habentur,
861 2699 951 2752 quum
984 2680 1150 2747 discedunt,
1184 2680 1268 2734 donis
1297 2683 1375 2736 affi-

136 2755 263 2808 ciuntur.
319 2754 478 2830 Longolius
511 2758 598 2810 comis
625 2773 640 2808 a
669 2755 800 2809 librariis
829 2771 895 2809 com
918 2753 1032 2810 endiose
1057 2753 1202 2824 scriptum
1229 2755 1377 2809 comebat

156 2843 190 2882 ro
209 2831 381 2889 communis,
412 2835 445 2879 ut
468 2827 582 2897 saepius
606 2826 638 2879 in
657 2825 734 2882 MSS.
754 2843 814 2882 non
837 2846 867 2880 m
907 2831 1042 2887 ommis,
1071 2825 1227 2881 sedetiam
1245 2831 1379 2882 comiter

134 2845 198 2954 hir.
218 2901 270 2966 25,
290 2901 332 2954 12.
352 2905 382 2952 et
398 2901 572 2952 comissimus
590 2897 668 2954 Suet
688 2901 773 2970 vesp.
792 2901 836 2956 22.
872 2901 910 2954 cf.
930 2898 1047 2954 Ruhnlr.
1067 2906 1097 2954 et
1114 2899 1217 2952 Perlet.
1245 2899 1284 2952 atl
1309 2901 1378 2956 Te—

136 2979 211 3026 rent.
237 2971 340 3025 Heaut.
359 2975 393 3039 ὁ,
413 2977 445 3039 1,
464 2975 508 3028 38.
541 2971 696 3026 Bromi-et
718 2971 811 3026 D'a'hn.
831 2971 867 3026 ad
886 2972 973 3027 Corn.
994 2975 1038 3026 Ne
1061 3011 1068 3026 .
1089 2971 1165 3026 Mile
1183 2975 1210 3029 8.
1236 2971 1379 3028 Gesner-i

136 3052 165 3100 et
183 3043 311 3099 Forcell.
332 3044 420 3110 hex.;
447 3043 523 3098 Hess-
560 3042 709 3098 Passurius
728 3043 893 3114 existimat,
923 3045 1025 3115 priora
1040 2989 1141 3097 ἱ1*ιοίῒί
1159 3043 1247 3100 rerba
1265 3049 1378 3115 perti·

135 3133 206 3172 nere
224 3117 261 3170 ad
278 3115 511 3186 hospitalitatem
530 3133 600 3191 erga
620 3117 754 3192 ignotos,
782 3115 854 3172 haec
879 3125 1026 3190 postrema
1043 3117 1080 3170 ad
1098 3133 1167 3184 eos,
1201 3133 1273 3186 quos
1297 3135 1380 3175 mu-

135 3198 218 3244 tuum
237 3187 385 3244 amicitiae
403 3189 503 3243 Foedus
521 3189 671 3254 iunxerit3
700 3189 844 3258 Orellius,
864 3191 1049 3244 manifestam
1068 3207 1129 3244 esse
1148 3189 1378 3261 oppositionem

135 3279 253 3329 eorum,
281 3277 356 3332 quae
381 3278 443 3334 oep.
463 3265 508 3320 22.
528 3263 681 3340 legantur,
709 3264 832 3326 crebrae,
863 3271 896 3315 ut
915 3266 992 3316 inter
1007 3265 1180 3325 vinolentos,
1207 3266 1287 3316 ricae
1309 3275 1378 3321 cet.

134 3335 243 3404 („Gum
262 3331 423 3404 hospitibus
441 3335 568 3390 comiter
586 3336 845 3401 conversabantur,
871 3350 926 3389 nec
947 3335 1026 3390 rixas
1044 3335 1281 3402 committebant,
1305 3341 1379 3407 sed,

135 3409 218 3464 nullo
236 3407 351 3479 hospite
368 3416 533 3478 praesente,
565 3409 622 3480 ipsi
645 3409 701 3463 soli
721 3407 970 3462 conviviisindul
1009 3409 1085 3463 hant.
1123 3409 1163 3463 Ut
1182 3417 1279 3462 eutem
1301 3427 1379 3465 ma-

156 3483 180 3536 is
204 3481 382 3536 elucesceret
408 3479 465 3534 hoc
492 3479 673 3548 antitheton,
710 3497 769 3536 non
795 3481 859 3535 sins
888 3489 951 3536 arte
995 3497 1033 3535 uo
1057 3481 1233 3535 collocutum
1258 3481 1379 3555 tuiw)

134 3501 295 3610 Enimvero
312 3552 386 3607 haec
403 3554 480 3608 ratio
506 3571 601 3624 neque
622 3571 721 3622 sensu,
756 3569 850 3624 neque
875 3554 1071 3609 collocatione
1094 3554 1251 3610 verborum
1279 3568 1382 3612 com-

134 3627 303 3692 mendatum
337 3627 523 3680 Passovianae
552 3643 611 3681 non
639 3633 829 3681 consentanea
856 3633 924 3680 sunt
949 3627 1019 3682 illa:
1053 3635 1151 3681 notum
1178 3631 1381 3702 ignotumque

134 3717 213 3756 nemo
231 3699 373 3753 discernit.
408 3699 594 3769 *Probabilior
620 3701 742 3756 fortasse
768 3700 822 3753 illa
845 3697 969 3753 Beckeri
989 3701 1023 3754 in
1041 3697 1173 3754 Seebodii
1192 3715 1270 3754 nora
1289 3699 1378 3757 bibl.

135 3773 202 3827 crit.
222 3789 246 3825 a.
267 3773 345 3827 1825.
365 3787 393 3840 p.
413 3773 474 3829 206.
494 3769 661 3842 preposite:
699 3772 796 3826 Victus
814 3775 890 3826 inter
907 3771 1028 3846 hospites
1045 3776 1150 3836 tomis,
1169 3771 1266 3842 qualis
1285 3776 1380 3830 solet

99 3883 101 3888 .
134 3851 194 3902 esse
214 3845 294 3899 inter
309 3842 442 3898 homines
460 3852 543 3898 notos
563 3851 592 3899 et
609 3845 787 3912 familiares,
827 3844 878 3916 qui
900 3846 1034 3900 fraterno
1059 3845 1158 3898 animo
1183 3861 1286 3898 seeum
1319 3863 1380 3903 res

134 3917 353 4007 pemmonicsmt
371 3931 458 3984 seque
477 3916 550 3970 cibis
569 3917 627 3971 iam
646 3917 756 4007 coctis,
786 3915 959 4008 rplgm‘bus
978 3927 1008 3972 et
1026 3918 1181 4044 appositis,
1218 3933 1301 3984 non,
1338 3931 1381 3974 ut

133 3986 927 4136 {mimibiiiiiffiimiieff'iiili’.
947 3999 1071 4118 titt.
1088 3989 1188 4118 ‘tel
1205 3990 1379 4120 3ῐᾶἕὲ

134 4139 210 4192 sultc
227 4134 278 4188 hio
295 4134 408 4206 posuit,
444 4141 477 4186 ut
495 4137 690 4190 narrationem
709 4136 745 4190 ds
763 4136 976 4192 Gennanorum
994 4135 1195 4207 hospitalitate
1213 4141 1378 4194 sententia

135 4211 166 4264 in
184 4209 351 4266 universum
369 4207 557 4278 pronuntiata
574 4209 706 4264 breviter
723 4209 881 4264 clauderet.
